Order ID;Order Date;Ship Date;Ship Mode;Customer ID;Customer Name;Segment;Postal Code;City;State;Country;Product ID;Sales;Quantity;Discount;Profit;Shipping Cost
CA-2014-AB10015140-41954;11/11/2014;11/13/2014;First Class;AB-100151402;Aaron Bergman;Consumer;73120;Oklahoma City;Oklahoma;United States;TEC-PH-5816;$221.98;2;0;$62.15;40.77
IN-2014-JR162107-41675;2/5/2014;2/7/2014;Second Class;JR-162107;Justin Ritter;Corporate;;Wollongong;New South Wales;Australia;FUR-CH-5379;$3,709.40;9;0.1;-$288.77;923.63
IN-2014-CR127307-41929;10/17/2014;10/18/2014;First Class;CR-127307;Craig Reiter;Consumer;;Brisbane;Queensland;Australia;TEC-PH-5356;$5,175.17;9;0.1;$919.97;915.49
ES-2014-KM1637548-41667;1/28/2014;1/30/2014;First Class;KM-1637548;Katherine Murray;Home Office;;Berlin;Berlin;Germany;TEC-PH-5267;$2,892.51;5;0.1;-$96.54;910.16
SG-2014-RH9495111-41948;11/5/2014;11/6/2014;Same Day;RH-9495111;Rick Hansen;Consumer;;Dakar;Dakar;Senegal;TEC-CO-6011;$2,832.96;8;0;$311.52;903.04
IN-2014-JM156557-41818;6/28/2014;7/1/2014;Second Class;JM-156557;Jim Mitchum;Corporate;;Sydney;New South Wales;Australia;TEC-PH-5842;$2,862.68;5;0.1;$763.28;897.35
IN-2012-TS2134092-41219;11/6/2012;11/8/2012;First Class;TS-2134092;Toby Swindell;Consumer;;Porirua;Wellington;New Zealand;FUR-CH-5378;$1,822.08;4;0;$564.84;894.77
IN-2013-MB1808592-41378;4/14/2013;4/18/2013;Standard Class;MB-1808592;Mick Brown;Consumer;;Hamilton;Waikato;New Zealand;FUR-TA-3764;$5,244.84;6;0;$996.48;878.38
CA-2014-AB10015140-41954;11/11/2014;11/13/2014;First Class;AB-100151402;Aaron Bergman;Consumer;73120;Oklahoma City;Oklahoma;United States;FUR-BO-5957;$341.96;2;0;$54.71;25.27
CA-2012-AB10015140-40974;3/6/2012;3/7/2012;First Class;AB-100151404;Aaron Bergman;Consumer;98103;Seattle;Washington;United States;FUR-CH-4421;$48.71;1;0.2;$5.48;11.13
CA-2012-AB10015140-40974;3/6/2012;3/7/2012;First Class;AB-100151404;Aaron Bergman;Consumer;98103;Seattle;Washington;United States;OFF-AR-5309;$17.94;3;0;$4.66;4.29
ID-2013-AJ107801-41383;4/19/2013;4/22/2013;First Class;AJ-107801;Anthony Jacobs;Corporate;;Kabul;Kabul;Afghanistan;FUR-TA-3420;$4,626.15;5;0;$647.55;835.57
SA-2012-MM7260110-41269;12/26/2012;12/28/2012;Second Class;MM-7260110;Magdelene Morse;Consumer;;Jizan;Jizan;Saudi Arabia;TEC-PH-3807;$2,616.96;4;0;$1,151.40;832.41
MX-2013-VF2171518-41591;11/13/2013;11/13/2013;Same Day;VF-2171518;Vicky Freymann;Home Office;;Toledo;Parana;Brazil;FUR-CH-4530;$2,221.80;7;0;$622.02;810.25
IN-2014-PF1912027-41796;6/6/2014;6/8/2014;Second Class;PF-1912027;Peter Fuller;Consumer;;Mudanjiang;Heilongjiang;China;OFF-AP-4959;$3,701.52;12;0;$1,036.08;804.54
ES-2015-BP1118545-42216;7/31/2015;8/3/2015;Second Class;BP-1118545;Ben Peterman;Corporate;;Paris;Ile-de-France;France;OFF-AP-3575;$1,869.59;4;0.1;$186.95;801.66
CA-2012-AB10015140-40958;2/19/2012;2/25/2012;Standard Class;AB-100151402;Aaron Bergman;Consumer;76017;Arlington;Texas;United States;OFF-ST-3078;$12.62;2;0.2;-$2.52;1.97
ES-2015-PJ1883564-42255;9/8/2015;9/14/2015;Standard Class;PJ-1883564;Patrick Jones;Corporate;;Prato;Tuscany;Italy;OFF-AP-4743;$7,958.58;14;0;$3,979.08;778.32
IN-2015-JS156857-42035;1/31/2015;2/1/2015;First Class;JS-156857;Jim Sink;Corporate;;Townsville;Queensland;Australia;TEC-CO-3597;$2,565.59;9;0.1;$28.40;766.93
TZ-2015-RH9555129-42343;12/5/2015;12/7/2015;Second Class;RH-9555129;Ritsa Hightower;Consumer;;Uvinza;Kigoma;Tanzania;OFF-AP-4967;$3,409.74;6;0;$818.28;763.38
PL-2013-AB600103-41494;8/8/2013;8/10/2013;First Class;AB-600103;Ann Blume;Corporate;;Bytom;Silesia;Poland;FUR-TA-4644;$1,977.72;4;0;$276.84;759.47
CA-2012-AB10015140-40974;3/6/2012;3/7/2012;First Class;AB-100151404;Aaron Bergman;Consumer;98103;Seattle;Washington;United States;OFF-ST-3744;$242.94;3;0;$4.86;1.28
IN-2012-JK1532527-41030;5/1/2012;5/2/2012;First Class;JK-1532527;Jason Klamczynski;Corporate;;Suzhou;Anhui;China;FUR-CH-5774;$2,754.00;6;0;$358.02;752.47
ES-2014-LB16795139-41697;2/27/2014;3/1/2014;Second Class;LB-16795139;Laurel Beltran;Home Office;;Edinburgh;Scotland;United Kingdom;OFF-AP-4960;$5,273.70;10;0;$1,898.40;730.91
US-2015-NP1832582-42216;7/31/2015;8/1/2015;First Class;NP-1832582;Naresj Patel;Consumer;;Juárez;Chihuahua;Mexico;TEC-PH-5268;$1,713.84;4;0;$445.52;728.968
MX-2015-VD2167039-42252;9/5/2015;9/8/2015;First Class;VD-2167039;Valerie Dominguez;Consumer;;Soyapango;San Salvador;El Salvador;FUR-TA-4643;$2,106.50;8;0.2;$526.50;728.389
IN-2012-PB19210127-41259;12/16/2012;12/19/2012;First Class;PB-19210127;Phillip Breyer;Corporate;;Taipei;Taipei City;Taiwan;FUR-TA-5060;$1,715.16;2;0;$720.36;725.57
ES-2012-EB1411048-40981;3/13/2012;3/16/2012;Second Class;EB-1411048;Eugene Barchas;Consumer;;Leipzig;Saxony;Germany;OFF-AP-4743;$3,069.74;6;0.1;$1,364.24;725.34
CA-2012-AH10030140-41020;4/21/2012;4/23/2012;Second Class;AH-100301406;Aaron Hawkins;Corporate;12180;Troy;New York;United States;OFF-FA-6129;$247.84;8;0;$121.44;55.2
IN-2013-BP1123058-41329;2/24/2013;2/24/2013;Same Day;BP-1123058;Benjamin Patterson;Consumer;;Surat;Gujarat;India;FUR-CH-5443;$1,878.72;4;0;$582.36;704.08
US-2012-RR1952536-41270;12/27/2012;12/29/2012;Second Class;RR-1952536;Rick Reed;Corporate;;Santo Domingo;Santo Domingo;Dominican Republic;TEC-PH-5841;$1,696.64;5;0.2;-$148.46;704.056
ES-2013-BS1136545-41472;7/17/2013;7/19/2013;First Class;BS-1136545;Bill Shonely;Corporate;;Saint-Brieuc;Brittany;France;TEC-MA-5503;$2,402.87;9;0.15;$763.16;699.55
CA-2013-AH10030140-41635;12/27/2013;12/31/2013;Standard Class;AH-100301404;Aaron Hawkins;Corporate;94122;San Francisco;California;United States;TEC-PH-4389;$668.16;9;0.2;$75.17;45.74
IN-2012-DP131057-41215;11/2/2012;11/4/2012;Second Class;DP-131057;Dave Poirier;Corporate;;Gold Coast;Queensland;Australia;OFF-AP-3579;$2,526.93;5;0.1;$561.48;689.8
CA-2013-AH10030140-41635;12/27/2013;12/31/2013;Standard Class;AH-100301404;Aaron Hawkins;Corporate;94122;San Francisco;California;United States;OFF-ST-4291;$323.10;2;0;$61.39;26.7
CG-2012-AH1003033-41165;9/13/2012;9/14/2012;First Class;AH-1003033;Aaron Hawkins;Corporate;;Kamina;Katanga;Democratic Republic of the Congo;TEC-PH-3148;$3,817.26;6;0;$1,068.66;678.15
CA-2012-AH10030140-41041;5/12/2012;5/18/2012;Standard Class;AH-100301404;Aaron Hawkins;Corporate;90004;Los Angeles;California;United States;FUR-CH-4840;$279.46;6;0.2;$20.96;11.69
CA-2012-AH10030140-41273;12/30/2012;12/31/2012;First Class;AH-100301406;Aaron Hawkins;Corporate;10035;New York City;New York;United States;TEC-AC-6340;$34.77;3;0;$11.47;8.22
ES-2015-PO18865139-42018;1/14/2015;1/18/2015;Standard Class;PO-18865139;Patrick O'Donnell;Consumer;;Stockton-on-Tees;England;United Kingdom;TEC-CO-3598;$4,141.02;13;0;$1,697.67;668.96
IN-2012-DL128657-40918;1/10/2012;1/11/2012;First Class;DL-128657;Dan Lawera;Consumer;;Brisbane;Queensland;Australia;TEC-PH-5356;$2,875.10;5;0.1;$511.10;665.27
ID-2014-JB1600059-41873;8/22/2014;8/26/2014;Standard Class;JB-1600059;Joy Bell-;Consumer;;Mataram;Nusa Tenggara Barat;Indonesia;TEC-PH-5268;$3,200.60;6;0.17;-$77.20;660.87
IN-2015-BF1100558-42319;11/11/2015;11/15/2015;Standard Class;BF-1100558;Barry Franz;Home Office;;Gorakhpur;Haryana;India;TEC-PH-5269;$4,518.78;7;0;$632.52;658.69
IN-2015-VG2180558-42273;9/26/2015;9/28/2015;Second Class;VG-2180558;Vivek Grady;Corporate;;Thiruvananthapuram;Kerala;India;FUR-BO-5951;$5,667.87;13;0;$2,097.03;658.35
ES-2013-GT14710139-41621;12/13/2013;12/17/2013;Standard Class;GT-14710139;Greg Tran;Consumer;;Huddersfield;England;United Kingdom;TEC-PH-5267;$5,785.02;9;0;$404.73;656.73
IT-2012-ZC2191048-41174;9/22/2012;9/24/2012;First Class;ZC-2191048;Zuschuss Carroll;Consumer;;Berlin;Berlin;Germany;OFF-AP-3874;$3,018.62;7;0.2;$377.24;655.91
CA-2014-AH10030140-41719;3/21/2014;3/26/2014;Second Class;AH-100301408;Aaron Hawkins;Corporate;39503;Gulfport;Mississippi;United States;FUR-FU-4072;$86.45;7;0;$38.04;5.73
IT-2014-EB1384045-41706;3/8/2014;3/8/2014;Same Day;EB-1384045;Ellis Ballard;Corporate;;Montreuil;Ile-de-France;France;FUR-CH-5441;$2,092.50;5;0.1;$720.75;652.98
IN-2015-AP1091527-42244;8/28/2015;8/29/2015;First Class;AP-1091527;Arthur Prichep;Consumer;;Shouguang;Shandong;China;FUR-CH-5380;$2,761.20;6;0;$110.34;644.75
IN-2015-SW2027558-42125;5/1/2015;5/1/2015;Same Day;SW-2027558;Scott Williamson;Consumer;;Jamshedpur;Jharkhand;India;TEC-MA-5007;$2,174.13;7;0;$500.01;637.86
MX-2015-JH15820141-42356;12/18/2015;12/20/2015;Second Class;JH-15820141;John Huston;Consumer;;Paysandú;Paysandú;Uruguay;FUR-CH-4531;$3,473.14;11;0;$868.12;634.529
US-2012-AH10030140-41206;10/24/2012;10/27/2012;First Class;AH-100301404;Aaron Hawkins;Corporate;94109;San Francisco;California;United States;OFF-BI-4372;$49.41;4;0.2;$18.53;2.84
IR-2015-TG1164060-42265;9/18/2015;9/21/2015;First Class;TG-1164060;Trudy Glocke;Consumer;;Behshahr;Mazandaran;Iran;TEC-CO-3678;$2,108.64;8;0;$527.04;630.97
CA-2012-AH10030140-41273;12/30/2012;12/31/2012;First Class;AH-100301406;Aaron Hawkins;Corporate;10035;New York City;New York;United States;OFF-LA-3231;$18.90;3;0;$8.69;1.3
IN-2012-PB19210127-41259;12/16/2012;12/19/2012;First Class;PB-19210127;Phillip Breyer;Corporate;;Taipei;Taipei City;Taiwan;FUR-BO-5762;$2,197.50;5;0;$153.75;627.27
MZ-2014-DG330087-41991;12/18/2014;12/18/2014;Same Day;DG-330087;Deirdre Greer;Corporate;;Maputo;Cidade De Maputo;Mozambique;TEC-PH-5269;$2,582.16;4;0;$593.88;627.17
IN-2013-SG2047058-41424;5/30/2013;5/31/2013;First Class;SG-2047058;Sheri Gordon;Consumer;;Bhopal;Madhya Pradesh;India;TEC-CO-4590;$1,526.52;4;0;$732.72;625.77
CA-2012-AH10030140-41020;4/21/2012;4/23/2012;Second Class;AH-100301406;Aaron Hawkins;Corporate;12180;Troy;New York;United States;OFF-BI-2937;$9.91;3;0.2;$3.35;1.2
IN-2013-GP1474058-41419;5/25/2013;5/28/2013;Second Class;GP-1474058;Guy Phonely;Corporate;;Delhi;Delhi;India;FUR-TA-3766;$1,745.34;2;0;$226.86;616.27
IN-2015-MW182207-42221;8/5/2015;8/6/2015;First Class;MW-182207;Mitch Webber;Consumer;;Geraldton;Western Australia;Australia;OFF-AP-3577;$4,191.51;9;0.1;$1,164.27;614.34
CA-2012-AH10030140-41041;5/12/2012;5/18/2012;Standard Class;AH-100301404;Aaron Hawkins;Corporate;90004;Los Angeles;California;United States;OFF-PA-4014;$8.00;2;0;$3.84;1.15
IN-2015-CS1246011-42074;3/11/2015;3/13/2015;Second Class;CS-1246011;Chuck Sachs;Consumer;;Dhaka;Dhaka;Bangladesh;FUR-BO-5760;$3,063.27;7;0;$581.91;609.24
CA-2015-AH10030140-42357;12/19/2015;12/23/2015;Standard Class;AH-100301406;Aaron Hawkins;Corporate;19134;Philadelphia;Pennsylvania;United States;OFF-AR-3276;$18.70;7;0.2;$2.34;1.13
ES-2015-MS1798048-42227;8/11/2015;8/16/2015;Second Class;MS-1798048;Michael Stewart;Corporate;;Munster;Lower Saxony;Germany;TEC-PH-5839;$4,473.00;7;0;$313.11;604.4
IT-2014-KC1667548-41882;8/31/2014;9/3/2014;First Class;KC-1667548;Kimberly Carter;Corporate;;Celle;Lower Saxony;Germany;TEC-PH-3130;$1,502.01;9;0;$225.18;600.21
IN-2015-DB1340527-42022;1/18/2015;1/23/2015;Standard Class;DB-1340527;Denny Blanton;Consumer;;Wuxi;Jiangsu;China;FUR-CH-5774;$5,049.00;11;0;$656.37;595.5
CA-2015-AS10045140-42007;1/3/2015;1/5/2015;First Class;AS-100451408;Aaron Smayling;Corporate;28540;Jacksonville;North Carolina;United States;TEC-MA-3788;$695.70;2;0.5;-$27.83;160.19
IT-2015-DK13090120-42345;12/7/2015;12/8/2015;First Class;DK-13090120;Dave Kipp;Consumer;;Seville;Andalusía;Spain;FUR-BO-5760;$2,188.05;5;0;$1,050.15;593.91
IN-2015-CS1184558-42354;12/16/2015;12/19/2015;First Class;CS-1184558;Cari Sayre;Corporate;;Raipur;Uttarakhand;India;FUR-TA-3779;$1,920.36;4;0;$652.92;592.77
MX-2015-EM1420082-42328;11/20/2015;11/20/2015;Same Day;EM-1420082;Evan Minnotte;Home Office;;Gómez Palacio;Durango;Mexico;TEC-PH-5839;$1,704.00;4;0;$119.28;592.726
UP-2012-DW3480137-41221;11/8/2012;11/10/2012;First Class;DW-3480137;Dianna Wilson;Home Office;;Kharkiv;Kharkiv;Ukraine;FUR-TA-3771;$1,858.68;4;0;$130.08;590.56
IN-2014-AS1022527-41797;6/7/2014;6/9/2014;First Class;AS-1022527;Alan Schoenberger;Corporate;;Jinan;Shandong;China;FUR-CH-4530;$3,298.26;7;0;$1,055.25;589.36
MX-2012-ST2053093-41234;11/21/2012;11/22/2012;First Class;ST-2053093;Shui Tom;Consumer;;Chinandega;Chinandega;Nicaragua;OFF-AP-4497;$2,443.48;13;0;$121.94;589.293
CG-2014-BW106533-41727;3/29/2014;3/31/2014;Second Class;BW-106533;Barry Weirich;Consumer;;Kananga;Kasai-Occidental;Democratic Republic of the Congo;FUR-CH-4530;$3,808.80;8;0;$1,523.52;588.13
IN-2015-LA1678059-42242;8/26/2015;8/27/2015;First Class;LA-1678059;Laura Armstrong;Corporate;;Palembang;Sumatera Selatan;Indonesia;FUR-TA-3422;$3,427.15;7;0.47;-$452.81;586.57
ES-2013-AB10150139-41537;9/20/2013;9/22/2013;Second Class;AB-10150139;Aimee Bixby;Consumer;;London;England;United Kingdom;TEC-PH-5355;$3,441.69;6;0.1;$38.07;585.25
IN-2015-JH158207-42140;5/16/2015;5/18/2015;Second Class;JH-158207;John Huston;Consumer;;Melbourne;Victoria;Australia;TEC-PH-3147;$2,863.35;5;0.1;$858.90;581.88
CA-2015-AS10045140-42218;8/2/2015;8/8/2015;Standard Class;AS-100451402;Aaron Smayling;Corporate;78745;Austin;Texas;United States;TEC-MA-3329;$1,439.98;3;0.4;-$264.00;103.62
ES-2014-BE1141048-41967;11/24/2014;11/25/2014;First Class;BE-1141048;Bobby Elias;Consumer;;Duisburg;North Rhine-Westphalia;Germany;TEC-CO-3599;$1,487.40;10;0;$728.70;580.98
IN-2012-SZ2003527-41221;11/8/2012;11/10/2012;Second Class;SZ-2003527;Sam Zeldin;Home Office;;Nanchong;Sichuan;China;TEC-CO-6010;$3,200.04;9;0;$1,183.95;576.71
IN-2012-RM1937558-41209;10/27/2012;10/27/2012;Same Day;RM-1937558;Raymond Messe;Consumer;;Naihati;West Bengal;India;FUR-CH-5380;$2,301.00;5;0;$91.95;573.27
ES-2015-HG1484545-42327;11/19/2015;11/23/2015;Standard Class;HG-1484545;Harry Greene;Consumer;;Lille;Nord-Pas-de-Calais-Picardie;France;FUR-CH-4654;$5,729.35;14;0.1;$63.55;572.95
MO-2015-DP310586-42305;10/28/2015;10/30/2015;Second Class;DP-310586;Dave Poirier;Corporate;;Meknes;Meknès-Tafilalet;Morocco;TEC-CO-3710;$5,301.24;14;0;$2,597.28;568.45
CA-2014-AS10045140-41908;9/26/2014;9/28/2014;First Class;AS-100451404;Aaron Smayling;Corporate;94110;San Francisco;California;United States;FUR-BO-3176;$477.67;2;0.15;$84.29;43.01
US-2015-AS10045140-42252;9/5/2015;9/6/2015;First Class;AS-100451404;Aaron Smayling;Corporate;97756;Redmond;Oregon;United States;OFF-BI-3324;$88.07;7;0.7;-$58.72;23.88
ES-2014-JB1600048-41668;1/29/2014;2/5/2014;Standard Class;JB-1600048;Joy Bell-;Consumer;;Krefeld;North Rhine-Westphalia;Germany;TEC-PH-5268;$3,219.90;5;0;$965.85;564.25
ID-2013-AM1070559-41535;9/18/2013;9/21/2013;Second Class;AM-1070559;Anne McFarland;Consumer;;Bandung;Jawa Barat;Indonesia;OFF-AP-4501;$2,487.81;6;0.17;-$269.79;562.14
MO-2014-AB25586-41966;11/23/2014;11/23/2014;Same Day;AB-25586;Alejandro Ballentine;Home Office;;Casablanca;Grand Casablanca;Morocco;OFF-AP-4745;$2,266.44;4;0;$113.28;556.45
IN-2013-RP192707-41438;6/13/2013;6/13/2013;Same Day;RP-192707;Rachel Payne;Corporate;;Sydney;New South Wales;Australia;TEC-CO-3611;$3,068.36;9;0.1;$1,124.90;555.77
IN-2014-BK1126011-41940;10/28/2014;10/31/2014;First Class;BK-1126011;Berenike Kampe;Consumer;;Tongi;Dhaka;Bangladesh;FUR-BO-4849;$3,728.43;9;0;$1,192.86;553.31
IN-2014-JM1525027-41985;12/12/2014;12/14/2014;First Class;JM-1525027;Janet Martin;Consumer;;Suzhou;Anhui;China;TEC-CO-3678;$1,581.48;6;0;$0.00;550.74
IN-2013-GP1474058-41419;5/25/2013;5/28/2013;Second Class;GP-1474058;Guy Phonely;Corporate;;Delhi;Delhi;India;TEC-PH-5356;$1,916.73;3;0;$498.33;548.4
CA-2015-AS10045140-42281;10/4/2015;10/9/2015;Standard Class;AS-100451404;Aaron Smayling;Corporate;91104;Pasadena;California;United States;FUR-TA-5066;$171.29;3;0.2;-$6.42;12.65
ES-2014-NZ1856545-41975;12/2/2014;12/2/2014;Same Day;NZ-1856545;Nick Zandusky;Home Office;;Paris;Ile-de-France;France;OFF-AP-4508;$2,432.16;5;0.1;$513.36;546.9
CA-2015-AS10045140-42007;1/3/2015;1/5/2015;First Class;AS-100451408;Aaron Smayling;Corporate;28540;Jacksonville;North Carolina;United States;OFF-BI-3308;$28.85;6;0.7;-$21.16;5.35
ID-2014-SC20695102-41667;1/28/2014;1/30/2014;First Class;SC-20695102;Steve Chapman;Corporate;;Manila;National Capital;Philippines;FUR-CH-5443;$2,465.82;7;0.25;$197.19;546.49
IN-2013-NC186257-41401;5/7/2013;5/7/2013;Same Day;NC-186257;Noah Childs;Corporate;;Newcastle;New South Wales;Australia;FUR-TA-3422;$1,847.52;2;0;$738.96;545.89
ES-2014-NF183858-41970;11/27/2014;11/29/2014;First Class;NF-183858;Natalie Fritzler;Consumer;;Graz;Styria;Austria;FUR-BO-4849;$2,899.89;7;0;$927.78;541.59
IN-2013-NZ185657-41606;11/28/2013;12/2/2013;Second Class;NZ-185657;Nick Zandusky;Home Office;;Nowra;New South Wales;Australia;FUR-CH-5774;$2,891.70;7;0.1;$96.39;541.57
IT-2013-PM1894045-41546;9/29/2013;9/29/2013;Same Day;PM-1894045;Paul MacIntyre;Consumer;;Boulogne-Billancourt;Ile-de-France;France;TEC-MA-5572;$2,016.85;9;0.15;-$0.05;540.77
ES-2014-MZ1733545-41885;9/3/2014;9/5/2014;Second Class;MZ-1733545;Maria Zettner;Home Office;;Malakoff;Ile-de-France;France;OFF-AP-4503;$3,155.54;7;0.1;$34.94;539.94
CG-2014-HM498033-41846;7/26/2014;8/1/2014;Standard Class;HM-498033;Henry MacAllister;Consumer;;Kinshasa;Kinshasa;Democratic Republic of the Congo;TEC-PH-5268;$3,856.14;6;0;$1,465.20;533.99
IN-2015-RW195407-42327;11/19/2015;11/25/2015;Standard Class;RW-195407;Rick Wilson;Corporate;;Perth;Western Australia;Australia;TEC-PH-3806;$3,524.47;6;0.1;$861.37;531.28
ES-2013-LH1715545-41444;6/19/2013;6/19/2013;Same Day;LH-1715545;Logan Haushalter;Consumer;;Le Bouscat;Aquitaine-Limousin-Poitou-Charentes;France;TEC-PH-5840;$2,167.30;4;0.15;$790.42;531.09
MX-2013-FH1436582-41558;10/11/2013;10/14/2013;First Class;FH-1436582;Fred Hopkins;Corporate;;Puebla;Puebla;Mexico;TEC-PH-5839;$2,556.00;6;0;$178.92;530.486
ES-2012-KM1666048-41129;8/8/2012;8/10/2012;First Class;KM-1666048;Khloe Miller;Consumer;;Augsburg;Bavaria;Germany;TEC-CO-5999;$1,469.25;5;0;$308.40;527.87
ES-2012-PO1886545-41217;11/4/2012;11/8/2012;Second Class;PO-1886545;Patrick O'Donnell;Consumer;;Nice;Provence-Alpes-Côte d'Azur;France;TEC-PH-3807;$4,448.83;8;0.15;$1,517.71;527.85
US-2012-AS10045140-41116;7/26/2012;8/1/2012;Standard Class;AS-100451406;Aaron Smayling;Corporate;10035;New York City;New York;United States;OFF-PA-6512;$65.78;11;0;$32.23;4.36
MX-2014-AB1006028-41755;4/26/2014;4/28/2014;First Class;AB-1006028;Adam Bellavance;Home Office;;Medellín;Antioquia;Colombia;FUR-BO-3891;$2,472.66;9;0;$914.76;523.466
IN-2014-DB130607-41999;12/26/2014;12/26/2014;Same Day;DB-130607;Dave Brooks;Consumer;;Gold Coast;Queensland;Australia;OFF-AP-3575;$3,739.18;8;0.1;$747.82;522.79
IT-2014-VM2168591-41711;3/13/2014;3/13/2014;Same Day;VM-2168591;Valerie Mitchum;Home Office;;Bergen op Zoom;North Brabant;Netherlands;FUR-CH-5442;$2,570.87;11;0.5;-$2,211.17;520.89
CA-2014-AS10045140-41727;3/29/2014;4/1/2014;First Class;AS-100451408;Aaron Smayling;Corporate;22204;Arlington;Virginia;United States;OFF-ST-4516;$31.40;2;0;$7.85;3.81
ES-2013-DM1352548-41369;4/5/2013;4/5/2013;Same Day;DM-1352548;Don Miller;Corporate;;Hanover;Lower Saxony;Germany;TEC-PH-3149;$2,875.77;9;0.5;-$1,783.08;516.63
ES-2013-NM18520120-41634;12/26/2013;12/28/2013;Second Class;NM-18520120;Neoma Murray;Consumer;;Vigo;Galicia;Spain;FUR-BO-5948;$1,741.80;4;0;$261.24;515.24
IN-2014-LC168857-41747;4/18/2014;4/19/2014;First Class;LC-168857;Lena Creighton;Consumer;;Sydney;New South Wales;Australia;TEC-CO-6012;$1,601.64;5;0.1;$587.19;511.47
IN-2012-RO1978027-41052;5/23/2012;5/25/2012;Second Class;RO-1978027;Rose O'Brian;Consumer;;Gaoyou;Jiangsu;China;OFF-AP-4738;$3,670.80;7;0;$367.08;510.72
CA-2015-AS10045140-42218;8/2/2015;8/8/2015;Standard Class;AS-100451402;Aaron Smayling;Corporate;78745;Austin;Texas;United States;OFF-PA-6557;$36.29;7;0.2;$12.70;1.99
ES-2014-EM1406548-41775;5/16/2014;5/20/2014;Second Class;EM-1406548;Erin Mull;Consumer;;Bremen;Bremen;Germany;TEC-CO-4593;$1,900.95;5;0;$589.20;506.89
CA-2015-AS10045140-42007;1/3/2015;1/5/2015;First Class;AS-100451408;Aaron Smayling;Corporate;28540;Jacksonville;North Carolina;United States;OFF-BI-3185;$15.66;5;0.7;-$12.53;1.56
IT-2012-ON1871545-40955;2/16/2012;2/19/2012;Second Class;ON-1871545;Odella Nelson;Corporate;;Muret;Languedoc-Roussillon-Midi-Pyrénées;France;FUR-CH-5774;$4,544.10;11;0.1;$1,868.13;506.27
IN-2014-VS2182027-41790;5/31/2014;6/2/2014;First Class;VS-2182027;Vivek Sundaresam;Consumer;;Zigong;Sichuan;China;FUR-BO-3639;$1,455.12;4;0;$116.40;504.56
IN-2014-CM121157-41913;10/1/2014;10/2/2014;First Class;CM-121157;Chad McGuire;Consumer;;Adelaide;South Australia;Australia;TEC-CO-4790;$1,943.19;6;0.1;$258.93;499.62
CA-2015-AB10060140-42315;11/7/2015;11/14/2015;Standard Class;AB-100601404;Adam Bellavance;Home Office;98105;Seattle;Washington;United States;FUR-TA-4622;$2,036.86;7;0;$366.63;524.76
CA-2014-AB10060140-41884;9/2/2014;9/4/2014;First Class;AB-100601406;Adam Bellavance;Home Office;10009;New York City;New York;United States;OFF-BI-4340;$4,355.17;4;0.2;$1,415.43;82.67
ID-2014-JK153257-41984;12/11/2014;12/14/2014;Second Class;JK-153257;Jason Klamczynski;Corporate;;Adelaide;South Australia;Australia;TEC-CO-3709;$1,695.87;5;0.1;-$37.83;498.62
IT-2015-RP1927045-42081;3/18/2015;3/21/2015;Second Class;RP-1927045;Rachel Payne;Corporate;;Chelles;Ile-de-France;France;TEC-CO-5998;$1,505.98;6;0.15;-$265.76;498.52
IN-2015-DW1354078-42357;12/19/2015;12/20/2015;First Class;DW-1354078;Don Weiss;Consumer;;Kuantan;Pahang;Malaysia;TEC-PH-3806;$1,954.17;3;0;$312.66;498.38
CA-2015-AB10060140-42315;11/7/2015;11/14/2015;Standard Class;AB-100601404;Adam Bellavance;Home Office;98105;Seattle;Washington;United States;FUR-CH-4613;$449.57;2;0.2;-$73.05;47.81
US-2014-AB10060140-41712;3/14/2014;3/19/2014;Standard Class;AB-100601408;Adam Bellavance;Home Office;22980;Waynesboro;Virginia;United States;OFF-AP-4221;$160.32;2;0;$44.89;13.75
CA-2015-AB10060140-42315;11/7/2015;11/14/2015;Standard Class;AB-100601404;Adam Bellavance;Home Office;98105;Seattle;Washington;United States;TEC-AC-5858;$108.96;3;0;$32.69;11.57
MX-2015-GM1444037-42265;9/18/2015;9/18/2015;Same Day;GM-1444037;Gary McGarr;Consumer;;Quito;Pichincha;Ecuador;TEC-CO-3587;$1,213.19;7;0.002;$508.01;493.409
IN-2014-SV2081558-41968;11/25/2014;11/27/2014;First Class;SV-2081558;Stuart Van;Corporate;;Vadodara;Gujarat;India;TEC-CO-4577;$1,590.60;5;0;$572.55;493.2
IN-2014-MM1792027-41950;11/7/2014;11/10/2014;First Class;MM-1792027;Michael Moore;Consumer;;Sanya;Hainan;China;TEC-AC-3405;$2,330.64;9;0;$1,025.46;492.79
IN-2015-JK1612059-42204;7/19/2015;7/23/2015;Standard Class;JK-1612059;Julie Kriz;Home Office;;Palembang;Sumatera Selatan;Indonesia;FUR-BO-5761;$3,278.58;8;0.07;$140.82;492.28
ID-2013-EM14200130-41502;8/16/2013;8/16/2013;Same Day;EM-14200130;Evan Minnotte;Home Office;;Bangkok;Bangkok;Thailand;TEC-PH-5268;$3,741.52;7;0.17;$946.63;491.91
CA-2015-AB10060140-42314;11/6/2015;11/8/2015;First Class;AB-100601402;Adam Bellavance;Home Office;46142;Greenwood;Indiana;United States;OFF-PA-6214;$67.80;10;0;$31.19;7.97
IN-2013-PM1894059-41284;1/10/2013;1/14/2013;Standard Class;PM-1894059;Paul MacIntyre;Consumer;;Tasikmalaya;Jawa Barat;Indonesia;FUR-BO-5787;$3,637.60;10;0.07;$156.40;487.86
MX-2014-AT1043582-41667;1/28/2014;1/30/2014;First Class;AT-1043582;Alyssa Tate;Home Office;;Guaymas;Sonora;Mexico;OFF-AP-4736;$2,455.88;7;0;$785.82;487.476
ID-2013-AB1001527-41439;6/14/2013;6/17/2013;First Class;AB-1001527;Aaron Bergman;Consumer;;Wuhan;Hubei;China;TEC-MA-6150;$1,024.68;8;0.5;-$286.92;487.32
CA-2015-AB10060140-42314;11/6/2015;11/8/2015;First Class;AB-100601402;Adam Bellavance;Home Office;46142;Greenwood;Indiana;United States;OFF-FA-6129;$167.94;3;0;$82.29;6.61
CA-2014-AB10060140-41884;9/2/2014;9/4/2014;First Class;AB-100601406;Adam Bellavance;Home Office;10009;New York City;New York;United States;OFF-PA-6430;$24.56;2;0;$11.54;6.53
MX-2013-PV1898518-41614;12/6/2013;12/8/2013;First Class;PV-1898518;Paul Van Hugh;Home Office;;Salto;São Paulo;Brazil;TEC-AC-5223;$2,297.96;14;0;$988.12;483.257
IT-2014-SB2029064-41887;9/5/2014;9/7/2014;Second Class;SB-2029064;Sean Braxton;Corporate;;Treviso;Veneto;Italy;TEC-CO-4590;$2,671.41;7;0;$534.24;483.04
SO-2015-SM10005116-42265;9/18/2015;9/20/2015;First Class;SM-10005116;Sally Matthias;Consumer;;Hargeysa;Woqooyi Galbeed;Somalia;TEC-PH-5839;$3,834.00;6;0;$268.38;481.04
CA-2014-AB10060140-41884;9/2/2014;9/4/2014;First Class;AB-100601406;Adam Bellavance;Home Office;10009;New York City;New York;United States;OFF-PA-6430;$49.12;4;0;$23.09;6.22
IN-2013-KH1633059-41489;8/3/2013;8/8/2013;Standard Class;KH-1633059;Katharine Harms;Corporate;;Yogyakarta;Yogyakarta;Indonesia;OFF-AP-4960;$3,501.74;8;0.17;$210.86;479.96
IN-2015-MP181757-42347;12/9/2015;12/11/2015;First Class;MP-181757;Mike Pelletier;Home Office;;Perth;Western Australia;Australia;TEC-PH-3149;$1,725.46;3;0.1;$747.61;479.94
IN-2013-LH1702027-41572;10/25/2013;10/28/2013;First Class;LH-1702027;Lisa Hazard;Consumer;;Anshan;Liaoning;China;TEC-CO-3597;$1,583.70;5;0;$174.15;479.67
CA-2015-AB10060140-42132;5/8/2015;5/13/2015;Standard Class;AB-100601404;Adam Bellavance;Home Office;90004;Los Angeles;California;United States;TEC-AC-5109;$79.99;1;0;$28.80;5.44
ID-2014-CR126257-41878;8/27/2014;8/29/2014;Second Class;CR-126257;Corey Roper;Home Office;;Brisbane;Queensland;Australia;FUR-BO-5763;$2,760.35;7;0.1;-$214.73;475.34
IN-2012-NC1862511-41041;5/12/2012;5/16/2012;Standard Class;NC-1862511;Noah Childs;Corporate;;Dhaka;Dhaka;Bangladesh;TEC-AC-3403;$3,078.72;12;0;$523.08;474.44
IT-2012-GM1468091-41215;11/2/2012;11/5/2012;First Class;GM-1468091;Greg Matthias;Consumer;;Amsterdam;North Holland;Netherlands;OFF-AP-4745;$1,983.14;7;0.5;-$1,784.90;473.27
ES-2015-RA1994545-42218;8/2/2015;8/3/2015;First Class;RA-1994545;Ryan Akin;Consumer;;Le Petit-Quevilly;Normandy;France;FUR-BO-3624;$1,112.78;3;0.1;$296.66;472
ES-2012-DB1306048-41171;9/19/2012;9/21/2012;Second Class;DB-1306048;Dave Brooks;Consumer;;Bochum;North Rhine-Westphalia;Germany;TEC-CO-4789;$3,616.50;10;0;$36.00;471.92
US-2014-AB10060140-41712;3/14/2014;3/19/2014;Standard Class;AB-100601408;Adam Bellavance;Home Office;22980;Waynesboro;Virginia;United States;FUR-FU-4762;$127.88;2;0;$40.92;3.15
IN-2014-RF197357-41709;3/11/2014;3/15/2014;Standard Class;RF-197357;Roland Fjeld;Consumer;;Perth;Western Australia;Australia;TEC-PH-5268;$2,892.11;5;0.1;$160.61;470.29
ES-2013-JH1582048-41306;2/1/2013;2/4/2013;First Class;JH-1582048;John Huston;Consumer;;Hamburg;Hamburg;Germany;TEC-PH-3806;$3,263.40;5;0;$848.40;469.29
US-2014-AB10060140-41712;3/14/2014;3/19/2014;Standard Class;AB-100601408;Adam Bellavance;Home Office;22980;Waynesboro;Virginia;United States;OFF-BI-4819;$46.00;4;0;$20.70;2.72
MX-2015-DM1295551-42103;4/9/2015;4/13/2015;Standard Class;DM-1295551;Dario Medina;Corporate;;Mixco;Guatemala;Guatemala;FUR-TA-5064;$3,117.09;13;0.2;$38.95;466.703
CA-2014-AB10060140-41881;8/30/2014;9/4/2014;Standard Class;AB-100601406;Adam Bellavance;Home Office;03301;Concord;New Hampshire;United States;OFF-SU-2972;$27.93;3;0;$8.10;2.16
MX-2015-BE1133582-42082;3/19/2015;3/21/2015;First Class;BE-1133582;Bill Eplett;Home Office;;Morelia;Michoacán;Mexico;OFF-AP-4745;$1,888.70;5;0;$887.60;465.918
IN-2014-SO2033527-41914;10/2/2014;10/4/2014;First Class;SO-2033527;Sean O'Donnell;Consumer;;Changchun;Jilin;China;OFF-AP-4502;$3,000.78;6;0;$1,080.18;465.63
ES-2014-DK12835120-41651;1/12/2014;1/15/2014;First Class;DK-12835120;Damala Kotsonis;Corporate;;Madrid;Madrid;Spain;OFF-AP-4507;$3,801.63;7;0;$1,444.59;465.02
SA-2015-LC7050110-42236;8/20/2015;8/25/2015;Standard Class;LC-7050110;Liz Carlisle;Consumer;;Jeddah;Makkah;Saudi Arabia;TEC-PH-3806;$5,211.12;8;0;$1,146.24;463.98
IN-2012-PB19210127-41259;12/16/2012;12/19/2012;First Class;PB-19210127;Phillip Breyer;Corporate;;Taipei;Taipei City;Taiwan;FUR-TA-5065;$1,356.03;3;0;$311.85;458.97
IN-2015-CG125207-42077;3/14/2015;3/18/2015;Standard Class;CG-125207;Claire Gute;Consumer;;Adelaide;South Australia;Australia;OFF-AP-4745;$3,569.64;7;0.1;$674.16;458.54
CA-2013-AB10060140-41535;9/18/2013;9/24/2013;Standard Class;AB-100601404;Adam Bellavance;Home Office;98198;Des Moines;Washington;United States;OFF-PA-6420;$18.54;2;0;$8.71;1.69
ID-2015-HG1502559-42194;7/9/2015;7/13/2015;Standard Class;HG-1502559;Hunter Glantz;Consumer;;Medan;Sumatera Utara;Indonesia;FUR-BO-5787;$2,910.08;8;0.07;$125.12;456.32
ID-2014-AD1018059-41801;6/11/2014;6/15/2014;Standard Class;AD-1018059;Alan Dominguez;Home Office;;Jakarta;Jakarta;Indonesia;FUR-CH-4532;$3,126.40;9;0.27;-$128.72;455.71
ES-2012-BP11155139-41130;8/9/2012;8/16/2012;Standard Class;BP-11155139;Becky Pak;Consumer;;London;England;United Kingdom;TEC-PH-3805;$5,276.99;9;0.1;$1,758.89;454.81
ID-2015-AA10480130-42080;3/17/2015;3/21/2015;Standard Class;AA-10480130;Andrew Allen;Consumer;;Bangkok;Bangkok;Thailand;TEC-PH-5840;$2,645.38;5;0.17;-$0.02;452.6
ID-2014-RL196157-41641;1/2/2014;1/3/2014;First Class;RL-196157;Rob Lucas;Consumer;;Newcastle;New South Wales;Australia;FUR-BO-3639;$1,637.01;5;0.1;-$36.39;452.28
CA-2014-AB10060140-41884;9/2/2014;9/4/2014;First Class;AB-100601406;Adam Bellavance;Home Office;10009;New York City;New York;United States;OFF-BI-2911;$3.05;1;0.2;$1.07;1.67
ID-2013-SW2024559-41557;10/10/2013;10/11/2013;First Class;SW-2024559;Scot Wooten;Consumer;;Surakarta;Jawa Tengah;Indonesia;TEC-PH-5840;$2,645.38;5;0.17;-$0.02;451.03
CA-2014-AB10060140-41884;9/2/2014;9/4/2014;First Class;AB-100601406;Adam Bellavance;Home Office;10009;New York City;New York;United States;TEC-AC-5744;$6.79;1;0;$2.31;1.31
IN-2012-BW1111027-41076;6/16/2012;6/18/2012;First Class;BW-1111027;Bart Watters;Corporate;;Beijing;Beijing;China;FUR-TA-3420;$3,238.31;5;0.3;-$740.30;449.18
ES-2015-YC21895139-42097;4/3/2015;4/5/2015;First Class;YC-21895139;Yoseph Carroll;Corporate;;London;England;United Kingdom;FUR-BO-3639;$2,291.81;7;0.1;$127.13;448.91
MX-2012-JM1558082-41045;5/16/2012;5/19/2012;Second Class;JM-1558082;Jill Matthias;Consumer;;Tulancingo;Hidalgo;Mexico;TEC-PH-5355;$2,124.50;5;0;$488.60;447.657
BO-2015-MZ733513-42046;2/11/2015;2/15/2015;Second Class;MZ-733513;Maria Zettner;Home Office;;Brest;Brest;Belarus;FUR-CH-4654;$2,757.78;6;0;$744.48;446.33
ES-2014-JF15295120-41924;10/12/2014;10/12/2014;Same Day;JF-15295120;Jason Fortune-;Consumer;;Valencia;Valenciana;Spain;TEC-AC-4185;$1,549.98;6;0;$139.32;443.92
CA-2015-AB10060140-42264;9/17/2015;9/22/2015;Standard Class;AB-100601406;Adam Bellavance;Home Office;19143;Philadelphia;Pennsylvania;United States;OFF-PA-6596;$20.74;4;0.2;$7.26;1.23
UP-2015-DJ3510137-42202;7/17/2015;7/19/2015;Second Class;DJ-3510137;Don Jones;Corporate;;Zhytomyr;Zhytomyr;Ukraine;OFF-AP-4738;$3,146.40;6;0;$629.28;443.55
ES-2015-MF1825045-42330;11/22/2015;11/28/2015;Standard Class;MF-1825045;Monica Federle;Corporate;;Argenteuil;Ile-de-France;France;TEC-MA-4205;$2,456.62;11;0.15;$664.72;442.49
IT-2012-TC2129545-41058;5/29/2012;6/1/2012;First Class;TC-2129545;Toby Carlisle;Consumer;;Talence;Aquitaine-Limousin-Poitou-Charentes;France;FUR-TA-4642;$2,228.64;7;0.35;-$754.41;440.25
CA-2015-AB10060140-42314;11/6/2015;11/8/2015;First Class;AB-100601402;Adam Bellavance;Home Office;46142;Greenwood;Indiana;United States;OFF-PA-3114;$4.41;1;0;$2.03;1.21
IN-2015-CP1234058-42202;7/17/2015;7/20/2015;First Class;CP-1234058;Christine Phan;Corporate;;Aurangabad;Bihar;India;OFF-AP-4502;$4,001.04;8;0;$1,440.24;439.65
ES-2015-EH1412545-42245;8/29/2015;9/3/2015;Standard Class;EH-1412545;Eugene Hildebrand;Home Office;;Plaisir;Ile-de-France;France;TEC-PH-3148;$4,876.88;9;0.15;$745.88;439.41
IN-2013-NC183407-41634;12/26/2013;12/26/2013;Same Day;NC-183407;Nat Carroll;Consumer;;Melbourne;Victoria;Australia;FUR-TA-5054;$1,788.82;6;0.3;$204.28;439.03
IN-2015-BF1100558-42319;11/11/2015;11/15/2015;Standard Class;BF-1100558;Barry Franz;Home Office;;Gorakhpur;Haryana;India;OFF-AP-3577;$3,622.29;7;0;$1,267.77;438.89
ID-2014-JS1603059-41760;5/1/2014;5/4/2014;Second Class;JS-1603059;Joy Smith;Consumer;;Medan;Sumatera Utara;Indonesia;FUR-TA-5072;$1,242.59;5;0.47;-$140.72;437.85
ES-2012-AM10360139-41136;8/15/2012;8/20/2012;Standard Class;AM-10360139;Alice McCarthy;Corporate;;Harrogate;England;United Kingdom;TEC-PH-5354;$4,453.05;7;0;$1,424.85;433.41
IN-2015-JF1519021-42341;12/3/2015;12/7/2015;Standard Class;JF-1519021;Jamie Frazer;Consumer;;Phnom Penh;Phnom Penh;Cambodia;FUR-TA-4706;$2,673.36;8;0;$1,069.20;432.57
IN-2014-AB100157-41815;6/25/2014;6/29/2014;Standard Class;AB-100157;Aaron Bergman;Consumer;;Mackay;Queensland;Australia;FUR-CH-4654;$2,046.20;5;0.1;$591.05;432.15
ES-2014-JG15160139-41660;1/21/2014;1/24/2014;Second Class;JG-15160139;James Galang;Consumer;;Stockton-on-Tees;England;United Kingdom;FUR-TA-3344;$5,451.30;6;0;$2,071.44;432.13
CA-2015-AH10075140-42301;10/24/2015;10/25/2015;First Class;AH-100751406;Adam Hart;Corporate;02920;Cranston;Rhode Island;United States;FUR-TA-5421;$637.90;3;0.3;-$127.58;188.95
IN-2015-AG1033059-42197;7/12/2015;7/14/2015;Second Class;AG-1033059;Alex Grayson;Consumer;;Jambi;Jambi;Indonesia;OFF-AP-3574;$1,722.28;4;0.17;$539.44;430.04
CA-2015-AH10075140-42301;10/24/2015;10/25/2015;First Class;AH-100751406;Adam Hart;Corporate;02920;Cranston;Rhode Island;United States;FUR-FU-3936;$210.68;2;0;$50.56;79.52
ES-2015-NF1847548-42248;9/1/2015;9/1/2015;Same Day;NF-1847548;Neil Französisch;Home Office;;Moers;North Rhine-Westphalia;Germany;OFF-AP-3581;$1,007.42;2;0.1;$134.30;428.83
CA-2015-AH10075140-42301;10/24/2015;10/25/2015;First Class;AH-100751406;Adam Hart;Corporate;02920;Cranston;Rhode Island;United States;FUR-TA-4943;$240.74;4;0.3;-$13.76;68.01
IN-2012-DR129407-41066;6/6/2012;6/10/2012;Second Class;DR-129407;Daniel Raglin;Home Office;;Townsville;Queensland;Australia;OFF-AP-4966;$4,624.29;9;0.1;$1,644.03;427.46
ES-2012-NB1865548-41194;10/12/2012;10/12/2012;Same Day;NB-1865548;Nona Balk;Corporate;;Hamburg;Hamburg;Germany;OFF-ST-6049;$1,066.45;6;0.1;-$11.93;427.24
IN-2014-NM1844527-41800;6/10/2014;6/10/2014;Same Day;NM-1844527;Nathan Mautz;Home Office;;Shenzhen;Guangdong;China;TEC-CO-5991;$957.60;4;0;$0.00;427.1
IN-2015-TA213857-42351;12/13/2015;12/17/2015;Standard Class;TA-213857;Tom Ashbrook;Home Office;;Launceston;Tasmania;Australia;OFF-AP-4508;$4,864.32;10;0.1;$162.12;426.09
CA-2014-AH10075140-41898;9/16/2014;9/21/2014;Standard Class;AH-100751406;Adam Hart;Corporate;10011;New York City;New York;United States;OFF-BI-4338;$841.57;2;0.2;$294.55;57.49
ID-2015-SC20380102-42165;6/10/2015;6/11/2015;First Class;SC-20380102;Shahid Collister;Consumer;;Marikina;National Capital;Philippines;OFF-AP-3580;$1,433.84;3;0.15;-$84.37;424.81
SF-2012-PA9060117-40954;2/15/2012;2/16/2012;First Class;PA-9060117;Pete Armstrong;Home Office;;Johannesburg;Gauteng;South Africa;OFF-ST-6047;$2,784.60;14;0;$779.52;422.25
ES-2014-RB19570120-41971;11/28/2014;12/4/2014;Standard Class;RB-19570120;Rob Beeghly;Consumer;;Barakaldo;Basque Country;Spain;FUR-BO-5760;$3,063.27;7;0;$1,470.21;419.38
CA-2014-AH10075140-41817;6/27/2014;6/27/2014;Same Day;AH-100751404;Adam Hart;Corporate;90036;Los Angeles;California;United States;OFF-SU-5635;$231.72;2;0;$11.59;43.08
CA-2015-AH10075140-42110;4/16/2015;4/19/2015;First Class;AH-100751404;Adam Hart;Corporate;89015;Henderson;Nevada;United States;FUR-FU-4756;$196.45;5;0;$70.72;36.52
US-2012-LH1675036-41129;8/8/2012;8/8/2012;Same Day;LH-1675036;Larry Hughes;Consumer;;Santo Domingo;Santo Domingo;Dominican Republic;TEC-PH-5839;$2,044.80;6;0.2;-$332.28;417.99
CA-2014-AH10075140-41991;12/18/2014;12/22/2014;Standard Class;AH-100751402;Adam Hart;Corporate;76017;Arlington;Texas;United States;TEC-AC-6351;$165.60;3;0.2;-$6.21;11.15
IN-2013-KB1658527-41488;8/2/2013;8/4/2013;First Class;KB-1658527;Ken Black;Corporate;;Qingdao;Shandong;China;TEC-CO-3608;$1,521.00;4;0;$0.00;416.74
ES-2013-LH1715545-41444;6/19/2013;6/19/2013;Same Day;LH-1715545;Logan Haushalter;Consumer;;Le Bouscat;Aquitaine-Limousin-Poitou-Charentes;France;OFF-AP-4507;$2,443.91;5;0.1;$760.31;416.33
CA-2015-AH1007523-42101;4/7/2015;4/12/2015;Standard Class;AH-1007523;Adam Hart;Corporate;;Oakville;Ontario;Canada;OFF-ST-4257;$137.31;1;0;$54.90;11.13
IR-2014-MZ751560-41853;8/2/2014;8/2/2014;Same Day;MZ-751560;Mary Zewe;Corporate;;Shiraz;Fars;Iran;TEC-MA-4210;$1,141.80;10;0;$570.90;415.01
IN-2015-DM1334558-42146;5/22/2015;5/25/2015;Second Class;DM-1334558;Denise Monton;Corporate;;Bokaro;Jharkhand;India;OFF-ST-4266;$1,865.97;9;0;$802.17;413.95
ID-2012-CA1196566-40949;2/10/2012;2/15/2012;Standard Class;CA-1196566;Carol Adams;Corporate;;Fuji;Shizuoka;Japan;TEC-PH-5841;$6,998.64;11;0;$2,939.31;413.8
ES-2014-SC20305120-41909;9/27/2014;9/27/2014;Same Day;SC-20305120;Sean Christensen;Consumer;;Benidorm;Valenciana;Spain;FUR-BO-3903;$1,091.25;3;0;$119.97;411.64
IN-2015-MH1811558-42157;6/2/2015;6/4/2015;First Class;MH-1811558;Mick Hernandez;Home Office;;Kozhikode;Kerala;India;FUR-BO-4862;$1,094.22;3;0;$328.23;411.06
IN-2014-KS163007-41912;9/30/2014;10/3/2014;First Class;KS-163007;Karen Seio;Corporate;;Adelaide;South Australia;Australia;FUR-BO-3640;$1,320.62;4;0.1;$484.22;410.88
IN-2012-BG1174078-41108;7/18/2012;7/19/2012;First Class;BG-1174078;Bruce Geld;Consumer;;Kuala Lumpur;Kuala Lumpur;Malaysia;TEC-PH-5356;$2,555.64;4;0;$664.44;410.22
RS-2015-CR2625108-42230;8/14/2015;8/16/2015;Second Class;CR-2625108;Corey Roper;Home Office;;Astrakhan';Astrakhan';Russia;FUR-BO-5950;$3,498.72;8;0;$594.72;410.05
CA-2015-AH10075140-42301;10/24/2015;10/25/2015;First Class;AH-100751406;Adam Hart;Corporate;02920;Cranston;Rhode Island;United States;FUR-FU-4022;$35.00;4;0;$14.70;8.98
IN-2015-DK1309027-42308;10/31/2015;11/3/2015;First Class;DK-1309027;Dave Kipp;Consumer;;Xiangtan;Hunan;China;TEC-CO-3611;$2,272.86;6;0;$977.22;406.53
IN-2014-JL1583527-41845;7/25/2014;7/30/2014;Standard Class;JL-1583527;John Lee;Consumer;;Shaoxing;Zhejiang;China;TEC-PH-3806;$5,211.12;8;0;$833.76;404.97
IN-2015-AP1072058-42284;10/7/2015;10/11/2015;Standard Class;AP-1072058;Anne Pryor;Home Office;;Jabalpur;Madhya Pradesh;India;TEC-PH-5269;$2,582.16;4;0;$361.44;404.08
IN-2015-CR1282058-42294;10/17/2015;10/21/2015;Standard Class;CR-1282058;Cyra Reiten;Home Office;;Patna;Bihar;India;TEC-PH-5356;$3,194.55;5;0;$830.55;403.97
IN-2014-BF110807-41976;12/3/2014;12/6/2014;Second Class;BF-110807;Bart Folk;Consumer;;Adelaide;South Australia;Australia;FUR-CH-4531;$1,705.00;4;0.1;$378.88;403.46
IN-2015-JM15265102-42316;11/8/2015;11/10/2015;First Class;JM-15265102;Janet Molinari;Corporate;;Marikina;National Capital;Philippines;OFF-AP-3571;$1,538.72;6;0.15;$325.70;403.26
IN-2014-NM1844527-41800;6/10/2014;6/10/2014;Same Day;NM-1844527;Nathan Mautz;Home Office;;Shenzhen;Guangdong;China;FUR-CH-5378;$1,381.32;3;0;$593.91;403.15
IT-2012-TW2102545-41172;9/20/2012;9/22/2012;Second Class;TW-2102545;Tamara Willingham;Home Office;;La Baule-Escoublac;Pays de la Loire;France;FUR-BO-5760;$1,181.55;3;0.1;$498.81;401.25
IT-2012-RB1933045-41080;6/20/2012;6/23/2012;First Class;RB-1933045;Randy Bradley;Consumer;;Dijon;Bourgogne-Franche-Comté;France;FUR-CH-4530;$1,696.25;4;0.1;$734.93;401.13
CA-2015-AH10075140-42273;9/26/2015;9/29/2015;First Class;AH-100751406;Adam Hart;Corporate;19013;Chester;Pennsylvania;United States;OFF-SU-3839;$190.90;2;0.2;-$42.95;8.72
CA-2015-AH10075140-42144;5/20/2015;5/25/2015;Second Class;AH-100751408;Adam Hart;Corporate;37918;Knoxville;Tennessee;United States;FUR-CH-5429;$314.35;3;0.2;-$35.36;6.19
SF-2015-AB10060117-42334;11/26/2015;11/29/2015;Second Class;AB-10060117;Adam Bellavance;Home Office;;Cape Town;Western Cape;South Africa;OFF-AP-4732;$1,237.56;4;0;$606.36;400.03
EG-2013-JR567038-41363;3/30/2013;4/1/2013;First Class;JR-567038;Jim Radford;Consumer;;Cairo;Al Qahirah;Egypt;TEC-PH-5355;$1,274.70;2;0;$140.16;399.96
MX-2012-MD1735028-41222;11/9/2012;11/14/2012;Second Class;MD-1735028;Maribeth Dona;Consumer;;Medellín;Antioquia;Colombia;OFF-AP-4962;$3,172.14;9;0;$856.44;399.849
CA-2015-AH10075140-42301;10/24/2015;10/25/2015;First Class;AH-100751406;Adam Hart;Corporate;02920;Cranston;Rhode Island;United States;OFF-PA-6415;$43.44;8;0;$21.29;5.97
ES-2013-EB13840139-41487;8/1/2013;8/6/2013;Second Class;EB-13840139;Ellis Ballard;Corporate;;West Bromwich;England;United Kingdom;OFF-AP-4743;$3,979.29;7;0;$1,989.54;398.5
CA-2014-AH10075140-41991;12/18/2014;12/22/2014;Standard Class;AH-100751402;Adam Hart;Corporate;76017;Arlington;Texas;United States;OFF-PA-6577;$51.84;10;0.2;$18.14;4.93
CA-2014-AH10075140-41817;6/27/2014;6/27/2014;Same Day;AH-100751404;Adam Hart;Corporate;90036;Los Angeles;California;United States;OFF-FA-5459;$17.90;5;0;$8.95;4.89
CA-2014-AH10075140-41817;6/27/2014;6/27/2014;Same Day;AH-100751404;Adam Hart;Corporate;90036;Los Angeles;California;United States;OFF-PA-3115;$12.48;2;0;$5.62;2.73
AJ-2014-JL58359-41662;1/23/2014;1/27/2014;Standard Class;JL-58359;John Lee;Consumer;;Baku;Baki;Azerbaijan;FUR-TA-3358;$2,058.00;4;0;$946.68;393.62
IN-2012-EP1391559-41049;5/20/2012;5/24/2012;Second Class;EP-1391559;Emily Phan;Consumer;;Jakarta;Jakarta;Indonesia;FUR-BO-5967;$2,539.88;7;0.07;$709.94;393.58
ES-2015-MS17770139-42275;9/28/2015;10/1/2015;First Class;MS-17770139;Maxwell Schwartz;Consumer;;Burnley;England;United Kingdom;FUR-BO-3626;$2,898.21;7;0;$1,420.02;393.46
IT-2012-CM1265545-41218;11/5/2012;11/7/2012;First Class;CM-1265545;Corinna Mitchell;Home Office;;Laval;Pays de la Loire;France;TEC-MA-5007;$1,320.01;5;0.15;$357.16;390.2
LH-2015-JC610575-42032;1/28/2015;1/30/2015;Second Class;JC-610575;Julie Creighton;Corporate;;Vilnius;Vilnius;Lithuania;FUR-TA-3345;$2,171.16;8;0.7;-$2,750.28;390.09
IN-2015-GB145307-42260;9/13/2015;9/19/2015;Standard Class;GB-145307;George Bell;Corporate;;Brisbane;Queensland;Australia;TEC-CO-4593;$4,448.22;13;0.1;$444.48;386.38
CA-2015-AH10075140-42335;11/27/2015;12/1/2015;Standard Class;AH-100751408;Adam Hart;Corporate;30318;Atlanta;Georgia;United States;OFF-AR-5327;$12.84;3;0;$3.72;1.88
US-2012-JH161805-41264;12/21/2012;12/23/2012;First Class;JH-161805;Justin Hirsh;Consumer;;Buenos Aires;Buenos Aires;Argentina;TEC-PH-3149;$2,300.62;9;0.4;$38.20;386.003
EG-2014-MT807038-41675;2/5/2014;2/7/2014;Second Class;MT-807038;Michelle Tran;Home Office;;Girga;Suhaj;Egypt;FUR-BO-5951;$2,615.94;6;0;$1,072.44;384.41
IN-2012-AB1010558-41270;12/27/2012;12/28/2012;First Class;AB-1010558;Adrian Barton;Consumer;;Kochi;Kerala;India;TEC-CO-6010;$1,066.68;3;0;$394.65;383.68
CA-2015-AH10075140-42301;10/24/2015;10/25/2015;First Class;AH-100751406;Adam Hart;Corporate;02920;Cranston;Rhode Island;United States;OFF-AP-4739;$2.22;1;0;$0.67;1.64
LT-2012-CV280572-41025;4/26/2012;4/29/2012;First Class;CV-280572;Cynthia Voltz;Corporate;;Maseru;Maseru;Lesotho;TEC-PH-5354;$2,544.60;4;0;$814.20;383.01
IN-2012-NH1861092-41187;10/5/2012;10/10/2012;Standard Class;NH-1861092;Nicole Hansen;Corporate;;Wellington;Wellington;New Zealand;FUR-TA-4645;$3,694.68;4;0;$886.68;382.77
ID-2014-HJ1487527-41875;8/24/2014;8/26/2014;Second Class;HJ-1487527;Heather Jas;Home Office;;Luoyang;Henan;China;FUR-TA-5065;$2,214.85;7;0.3;-$221.57;382.1
MX-2014-JL1517518-41903;9/21/2014;9/24/2014;Second Class;JL-1517518;James Lanier;Home Office;;Feira de Santana;Bahia;Brazil;FUR-CH-5776;$1,236.48;4;0;$111.28;381.219
MX-2015-MY1829593-42355;12/17/2015;12/19/2015;First Class;MY-1829593;Muhammed Yedwab;Corporate;;Matagalpa;Matagalpa;Nicaragua;OFF-AP-4505;$1,805.90;5;0;$126.40;381.14
CA-2012-AH10075140-41228;11/15/2012;11/21/2012;Standard Class;AH-100751404;Adam Hart;Corporate;92646;Huntington Beach;California;United States;OFF-LA-5591;$5.22;2;0;$2.40;1.51
CA-2013-AH10075140-41629;12/21/2013;12/23/2013;Second Class;AH-100751406;Adam Hart;Corporate;43229;Columbus;Ohio;United States;OFF-AR-5458;$3.01;2;0.2;$0.34;1.38
CA-2015-AH10075140-42273;9/26/2015;9/29/2015;First Class;AH-100751406;Adam Hart;Corporate;19013;Chester;Pennsylvania;United States;OFF-BI-3301;$8.60;5;0.7;-$6.30;1.37
MX-2015-KC1654093-42158;6/3/2015;6/7/2015;Standard Class;KC-1654093;Kelly Collister;Consumer;;Managua;Managua;Nicaragua;OFF-AP-4507;$1,810.30;5;0;$54.30;378.258
MX-2015-CS1246093-42259;9/12/2015;9/14/2015;First Class;CS-1246093;Chuck Sachs;Consumer;;Managua;Managua;Nicaragua;TEC-PH-5354;$2,120.50;5;0;$106.00;377.704
IN-2015-HA1492027-42111;4/17/2015;4/17/2015;Same Day;HA-1492027;Helen Andreada;Consumer;;Wuhai;Inner Mongolia;China;TEC-PH-3148;$1,275.00;2;0;$140.22;377.58
ES-2013-MT1781545-41599;11/21/2013;11/24/2013;Second Class;MT-1781545;Meg Tillman;Consumer;;Nantes;Pays de la Loire;France;TEC-MA-5017;$1,593.65;7;0.15;-$225.16;377.03
ES-2015-FW1439545-42069;3/6/2015;3/8/2015;First Class;FW-1439545;Fred Wasserman;Corporate;;Strasbourg;Alsace-Champagne-Ardenne-Lorraine;France;FUR-BO-3627;$1,114.24;3;0.1;$383.71;376.88
ES-2013-BH1171048-41478;7/23/2013;7/28/2013;Standard Class;BH-1171048;Brosina Hoffman;Consumer;;Berlin;Berlin;Germany;TEC-PH-3807;$2,944.08;5;0.1;$1,112.13;376.58
ID-2015-DK1289559-42315;11/7/2015;11/9/2015;First Class;DK-1289559;Dana Kaydos;Consumer;;Surabaya;Jawa Timur;Indonesia;OFF-AP-4964;$3,309.26;7;0.17;$318.86;374.8
MX-2015-KD1627018-42330;11/22/2015;11/24/2015;First Class;KD-1627018;Karen Daniels;Consumer;;Tupã;São Paulo;Brazil;FUR-CH-4544;$897.48;9;0;$322.92;374.376
ES-2012-SC208458-41070;6/10/2012;6/13/2012;First Class;SC-208458;Sung Chung;Consumer;;Vienna;Vienna;Austria;FUR-BO-4848;$2,056.05;5;0;$390.60;372.5
MX-2013-CY1274582-41531;9/14/2013;9/19/2013;Standard Class;CY-1274582;Craig Yedwab;Corporate;;Mexico City;Distrito Federal;Mexico;TEC-CO-6010;$2,365.66;10;0.002;$18.86;372.318
IN-2012-HL150407-41237;11/24/2012;11/24/2012;Same Day;HL-150407;Hunter Lopez;Consumer;;Hobart;Tasmania;Australia;TEC-CO-3596;$1,336.36;7;0.4;$44.44;371.74
IN-2013-CT1199566-41496;8/10/2013;8/12/2013;First Class;CT-1199566;Carol Triggs;Consumer;;Hirakata;Osaka;Japan;TEC-CO-4591;$3,038.64;8;0;$1,245.84;371.51
ES-2014-CC12370139-41718;3/20/2014;3/23/2014;Second Class;CC-12370139;Christopher Conant;Consumer;;Preston;England;United Kingdom;OFF-AP-3573;$2,698.65;9;0;$890.46;369.98
LT-2014-GR456072-42003;12/30/2014;1/4/2015;Standard Class;GR-456072;Georgia Rosenberg;Corporate;;Maseru;Maseru;Lesotho;TEC-CO-3688;$3,799.08;12;0;$455.76;369.73
IN-2013-TT2107058-41551;10/4/2013;10/9/2013;Standard Class;TT-2107058;Ted Trevino;Consumer;;Agra;Uttar Pradesh;India;FUR-CH-4656;$2,756.34;6;0;$413.28;369.4
IT-2013-PO19195120-41492;8/6/2013;8/7/2013;First Class;PO-19195120;Phillina Ober;Home Office;;Granollers;Catalonia;Spain;TEC-PH-3146;$983.88;8;0.1;-$11.16;369.17
IN-2013-ED13885144-41549;10/2/2013;10/2/2013;Same Day;ED-13885144;Emily Ducich;Home Office;;Ho Chi Minh City;Ho Chí Minh City;Vietnam;FUR-CH-4530;$1,719.81;5;0.27;$117.66;368.44
IN-2015-AP1091559-42089;3/26/2015;3/29/2015;First Class;AP-1091559;Arthur Prichep;Consumer;;Jakarta;Jakarta;Indonesia;OFF-AP-4966;$1,421.54;3;0.17;$428.12;367.57
MX-2015-TM2149031-42329;11/21/2015;11/21/2015;Same Day;TM-2149031;Tony Molinari;Consumer;;Camagüey;Camagüey;Cuba;TEC-CO-3597;$1,053.69;5;0.002;$441.29;367.549
IT-2012-AW1084091-41242;11/29/2012;11/30/2012;First Class;AW-1084091;Anthony Witt;Consumer;;Amsterdam;North Holland;Netherlands;TEC-CO-4792;$1,440.84;8;0.5;-$1,268.04;367.35
IN-2012-DP131057-41215;11/2/2012;11/4/2012;Second Class;DP-131057;Dave Poirier;Corporate;;Gold Coast;Queensland;Australia;FUR-CH-4530;$2,544.37;6;0.1;$621.79;366.89
CA-2015-AH10075140-42144;5/20/2015;5/25/2015;Second Class;AH-100751408;Adam Hart;Corporate;37918;Knoxville;Tennessee;United States;OFF-PA-6504;$27.89;7;0.2;$10.11;1.26
RO-2013-SG10605107-41614;12/6/2013;12/6/2013;Same Day;SG-10605107;Speros Goranitis;Consumer;;Piatra-Neamt;Neamt;Romania;TEC-CO-4571;$1,554.48;8;0;$341.76;366.58
MX-2014-BM1178582-41976;12/3/2014;12/4/2014;First Class;BM-1178582;Bryan Mills;Consumer;;Milpa Alta;Distrito Federal;Mexico;TEC-PH-5839;$1,278.00;3;0;$89.46;365.902
MX-2013-FH1436582-41628;12/20/2013;12/24/2013;Standard Class;FH-1436582;Fred Hopkins;Corporate;;Mexico City;Distrito Federal;Mexico;TEC-PH-3806;$3,474.08;8;0;$625.28;365.652
MX-2013-DK1337582-41530;9/13/2013;9/15/2013;Second Class;DK-1337582;Dennis Kane;Consumer;;León;Guanajuato;Mexico;TEC-PH-3148;$2,550.00;6;0;$357.00;365.2
CA-2015-AS10090140-42264;9/17/2015;9/19/2015;First Class;AS-100901406;Adam Shillingsburg;Consumer;19143;Philadelphia;Pennsylvania;United States;OFF-BI-4343;$538.19;2;0.7;-$412.62;209.3
CA-2012-AS10090140-41173;9/21/2012;9/28/2012;Standard Class;AS-100901406;Adam Shillingsburg;Consumer;10035;New York City;New York;United States;FUR-CH-5430;$579.53;4;0.1;$83.71;64.56
CA-2013-AS10090140-41587;11/9/2013;11/13/2013;Standard Class;AS-100901402;Adam Shillingsburg;Consumer;65807;Springfield;Missouri;United States;FUR-TA-3427;$1,024.38;7;0;$215.12;62.17
TU-2013-SF10200134-41417;5/23/2013;5/26/2013;First Class;SF-10200134;Sarah Foster;Consumer;;Izmir;Izmir;Turkey;TEC-PH-5815;$934.25;14;0.6;-$1,331.65;363.73
CA-2014-AS10090140-41812;6/22/2014;6/27/2014;Standard Class;AS-100901406;Adam Shillingsburg;Consumer;10011;New York City;New York;United States;FUR-BO-5529;$353.57;2;0.2;-$44.20;48.18
SG-2015-JW5220111-42108;4/14/2015;4/17/2015;Second Class;JW-5220111;Jane Waco;Corporate;;Dakar;Dakar;Senegal;TEC-PH-3805;$3,908.88;6;0;$1,563.48;363.16
MX-2015-CC1210082-42245;8/29/2015;9/2/2015;Standard Class;CC-1210082;Chad Cunningham;Home Office;;Coyoacán;Distrito Federal;Mexico;TEC-PH-5268;$2,142.30;5;0;$556.90;363.1
ID-2015-RD1993092-42140;5/16/2015;5/18/2015;Second Class;RD-1993092;Russell D'Ascenzo;Consumer;;Manukau City;Auckland;New Zealand;OFF-AP-4961;$1,900.58;6;0.4;-$348.52;360.04
CM-2013-BP123022-41621;12/13/2013;12/15/2013;First Class;BP-123022;Benjamin Patterson;Consumer;;Yaounde;Centre;Cameroon;OFF-AP-4733;$1,840.68;6;0;$496.98;359.58
ES-2012-SA20830139-40998;3/30/2012;4/3/2012;Standard Class;SA-20830139;Sue Ann Reed;Consumer;;Newcastle upon Tyne;England;United Kingdom;FUR-BO-5950;$2,624.04;6;0;$446.04;359.28
IN-2013-EM1381058-41308;2/3/2013;2/7/2013;Second Class;EM-1381058;Eleni McCrary;Corporate;;Dehra Dun;Uttarakhand;India;FUR-BO-5762;$3,076.50;7;0;$215.25;359.27
IN-2014-CS12175130-41788;5/29/2014;6/1/2014;Second Class;CS-12175130;Charles Sheldon;Corporate;;Bangkok;Bangkok;Thailand;TEC-PH-5356;$3,181.77;6;0.17;$344.97;359.09
IT-2013-JD16060120-41515;8/29/2013;9/1/2013;First Class;JD-16060120;Julia Dunbar;Consumer;;Santander;Cantabria;Spain;OFF-ST-5691;$1,392.63;11;0.1;-$139.56;358.96
IN-2012-GH1466527-41074;6/14/2012;6/16/2012;First Class;GH-1466527;Greg Hansen;Consumer;;Cangzhou;Hebei;China;FUR-CH-5412;$1,296.24;8;0;$285.12;358.85
IN-2015-CM1193527-42244;8/28/2015;8/31/2015;First Class;CM-1193527;Carlos Meador;Consumer;;Shanghai;Shanghai;China;OFF-AP-3578;$1,682.91;3;0;$487.98;358.51
MX-2012-JB1600093-41208;10/26/2012;10/27/2012;First Class;JB-1600093;Joy Bell-;Consumer;;León;León;Nicaragua;TEC-PH-5839;$1,278.00;3;0;$89.46;358.176
RS-2015-RB9465108-42082;3/19/2015;3/23/2015;Second Class;RB-9465108;Rick Bensley;Home Office;;Rybinsk;Yaroslavl';Russia;TEC-PH-5268;$2,570.76;4;0;$976.80;357.89
MX-2015-RB1979518-42258;9/11/2015;9/18/2015;Standard Class;RB-1979518;Ross Baird;Home Office;;Ibiúna;São Paulo;Brazil;FUR-TA-3763;$2,332.96;5;0.2;$349.86;357.789
ID-2013-PO191957-41514;8/28/2013;8/28/2013;Same Day;PO-191957;Phillina Ober;Home Office;;Gold Coast;Queensland;Australia;FUR-BO-5762;$1,582.20;6;0.4;-$870.30;357.21
CA-2015-AS10090140-42264;9/17/2015;9/19/2015;First Class;AS-100901406;Adam Shillingsburg;Consumer;19143;Philadelphia;Pennsylvania;United States;TEC-AC-5138;$71.98;3;0.2;$19.79;16.53
IN-2014-TS212057-41852;8/1/2014;8/4/2014;Second Class;TS-212057;Thomas Seio;Corporate;;Canberra;Australian Capital Territory;Australia;FUR-TA-5053;$1,512.00;6;0;$498.96;356.84
CA-2014-AS10090140-41812;6/22/2014;6/27/2014;Standard Class;AS-100901406;Adam Shillingsburg;Consumer;10011;New York City;New York;United States;OFF-BI-5638;$186.14;6;0.2;$60.50;15.46
SF-2015-MV8190117-42362;12/24/2015;12/27/2015;First Class;MV-8190117;Mike Vittorini;Consumer;;Port Elizabeth;Eastern Cape;South Africa;TEC-PH-3148;$2,550.00;4;0;$714.00;355.92
CA-2015-AS10090140-42264;9/17/2015;9/19/2015;First Class;AS-100901406;Adam Shillingsburg;Consumer;19143;Philadelphia;Pennsylvania;United States;TEC-AC-5094;$47.98;2;0.2;$14.40;13.56
ES-2013-BD11560139-41327;2/22/2013;2/25/2013;First Class;BD-11560139;Brendan Dodson;Home Office;;Cambridge;England;United Kingdom;FUR-CH-4655;$2,285.70;5;0;$845.70;355.06
IN-2015-PS1876059-42288;10/11/2015;10/13/2015;Second Class;PS-1876059;Pamela Stobb;Consumer;;Bandung;Jawa Barat;Indonesia;FUR-BO-3648;$1,029.26;9;0.07;$10.82;354.47
US-2015-FM1421551-42115;4/21/2015;4/23/2015;Second Class;FM-1421551;Filia McAdams;Corporate;;Mixco;Guatemala;Guatemala;TEC-CO-4577;$1,058.28;5;0.002;-$2.12;354.423
IN-2014-CA1277558-41802;6/12/2014;6/17/2014;Standard Class;CA-1277558;Cynthia Arntzen;Consumer;;Kota;Chhattisgarh;India;TEC-PH-3149;$5,751.54;9;0;$2,817.99;353.85
ES-2014-CD1279048-41899;9/17/2014;9/20/2014;First Class;CD-1279048;Cynthia Delaney;Home Office;;Munster;Lower Saxony;Germany;FUR-BO-5969;$2,442.07;7;0.1;-$244.25;353.57
IN-2015-NL1831092-42266;9/19/2015;9/19/2015;Same Day;NL-1831092;Nancy Lomonaco;Home Office;;Christchurch;Canterbury;New Zealand;OFF-ST-6046;$1,190.52;6;0;$178.56;353.42
IT-2015-TB2105545-42334;11/26/2015;12/3/2015;Standard Class;TB-2105545;Ted Butterfield;Consumer;;Vincennes;Ile-de-France;France;OFF-AP-4502;$3,150.82;7;0.1;-$35.09;353.04
ES-2015-NF1847548-42248;9/1/2015;9/1/2015;Same Day;NF-1847548;Neil Französisch;Home Office;;Moers;North Rhine-Westphalia;Germany;TEC-CO-3595;$1,599.90;5;0;$719.85;352.79
IN-2015-KD1649527-42175;6/20/2015;6/26/2015;Standard Class;KD-1649527;Keith Dawkins;Corporate;;Chongqing;Chongqing;China;FUR-BO-3627;$2,063.40;5;0;$123.75;352.64
HU-2015-EH412557-42300;10/23/2015;10/25/2015;First Class;EH-412557;Eugene Hildebrand;Home Office;;Gyula;Bekes;Hungary;OFF-ST-5702;$1,269.90;6;0;$558.72;352.52
IN-2012-KB1660058-41136;8/15/2012;8/19/2012;Standard Class;KB-1660058;Ken Brennan;Corporate;;Lucknow;Uttar Pradesh;India;FUR-BO-3639;$3,274.02;9;0;$261.90;351.08
MX-2015-CS1246093-42259;9/12/2015;9/14/2015;First Class;CS-1246093;Chuck Sachs;Consumer;;Managua;Managua;Nicaragua;TEC-PH-5841;$848.32;2;0;$110.28;351.067
CA-2015-AS10090140-42096;4/2/2015;4/5/2015;Second Class;AS-100901402;Adam Shillingsburg;Consumer;65807;Springfield;Missouri;United States;OFF-ST-4516;$94.20;6;0;$23.55;12.42
ES-2015-MG1769564-42018;1/14/2015;1/16/2015;First Class;MG-1769564;Maureen Gnade;Consumer;;Turin;Piedmont;Italy;TEC-CO-6012;$2,847.36;8;0;$711.84;350.68
ID-2015-VF21715102-42321;11/13/2015;11/15/2015;Second Class;VF-21715102;Vicky Freymann;Home Office;;Manila;National Capital;Philippines;FUR-CH-5380;$1,725.75;5;0.25;-$483.30;350.68
ID-2014-AM1070559-41803;6/13/2014;6/13/2014;Same Day;AM-1070559;Anne McFarland;Consumer;;Medan;Sumatera Utara;Indonesia;TEC-CO-4568;$1,479.31;6;0.07;-$63.65;350.31
CA-2015-AS10090140-42264;9/17/2015;9/19/2015;First Class;AS-100901406;Adam Shillingsburg;Consumer;19143;Philadelphia;Pennsylvania;United States;FUR-FU-4050;$22.51;3;0.2;$2.25;5.83
IN-2015-BP11290113-42269;9/22/2015;9/25/2015;Second Class;BP-11290113;Beth Paige;Consumer;;Singapore;Singapore;Singapore;TEC-CO-4588;$1,282.23;9;0;$12.69;349.88
AO-2012-HZ49504-40916;1/8/2012;1/13/2012;Standard Class;HZ-49504;Henia Zydlo;Consumer;;Benguela;Benguela;Angola;FUR-BO-4850;$2,478.60;6;0;$49.50;349.87
CA-2012-AS10090140-41173;9/21/2012;9/28/2012;Standard Class;AS-100901406;Adam Shillingsburg;Consumer;10035;New York City;New York;United States;FUR-FU-3844;$97.44;3;0;$35.08;5.5
IN-2014-EM1382566-41850;7/30/2014;7/30/2014;Same Day;EM-1382566;Elizabeth Moffitt;Corporate;;Himeji;Hyogo;Japan;TEC-CO-4578;$959.76;3;0;$460.62;348.48
US-2015-AS10090140-42341;12/3/2015;12/6/2015;First Class;AS-100901408;Adam Shillingsburg;Consumer;22901;Charlottesville;Virginia;United States;OFF-AR-5285;$34.65;3;0;$10.40;4.99
IN-2015-BS1180059-42124;4/30/2015;5/4/2015;Standard Class;BS-1180059;Bryan Spruell;Home Office;;Kendari;Sulawesi Tenggara;Indonesia;OFF-AP-4504;$4,135.64;10;0.17;$847.04;348.08
MX-2012-DV1346539-41179;9/27/2012;9/29/2012;Second Class;DV-1346539;Dianna Vittorini;Consumer;;Mejicanos;San Salvador;El Salvador;FUR-BO-5951;$2,325.28;8;0;$511.52;347.815
IN-2015-MB173057-42179;6/24/2015;6/28/2015;Standard Class;MB-173057;Maria Bertelson;Consumer;;Sydney;New South Wales;Australia;FUR-BO-5948;$5,486.67;14;0.1;$2,316.51;346.6
IT-2012-PC19000120-41004;4/5/2012;4/7/2012;First Class;PC-19000120;Pauline Chand;Home Office;;Barcelona;Catalonia;Spain;OFF-ST-5700;$1,523.66;8;0.1;-$50.98;345.81
IT-2015-CA1231045-42223;8/7/2015;8/9/2015;Second Class;CA-1231045;Christine Abelman;Corporate;;Menton;Provence-Alpes-Côte d'Azur;France;TEC-PH-5355;$1,625.24;3;0.15;-$76.57;345.78
CA-2015-AS10090140-42096;4/2/2015;4/5/2015;Second Class;AS-100901402;Adam Shillingsburg;Consumer;65807;Springfield;Missouri;United States;OFF-FA-6129;$28.40;5;0;$13.35;4.46
ES-2015-MB1808545-42049;2/14/2015;2/16/2015;First Class;MB-1808545;Mick Brown;Consumer;;Clermont-Ferrand;Auvergne;France;OFF-ST-6261;$734.94;4;0.1;$130.62;344.98
CA-2012-AS10090140-41266;12/23/2012;12/25/2012;First Class;AS-100901404;Adam Shillingsburg;Consumer;92037;San Diego;California;United States;OFF-AP-3367;$13.97;1;0;$3.63;2.16
RO-2013-DB3660107-41503;8/17/2013;8/19/2013;Second Class;DB-3660107;Duane Benoit;Consumer;;Buzau;Buzau;Romania;FUR-CH-5456;$1,391.52;8;0;$69.36;344.5
CA-2013-AS10090140-41587;11/9/2013;11/13/2013;Standard Class;AS-100901402;Adam Shillingsburg;Consumer;65807;Springfield;Missouri;United States;OFF-EN-2848;$26.22;3;0;$12.32;2.15
MX-2013-BG1174018-41493;8/7/2013;8/8/2013;First Class;BG-1174018;Bruce Geld;Consumer;;Bayeux;Paraíba;Brazil;OFF-AP-4960;$2,461.06;7;0;$566.02;343.809
CA-2014-AS10090140-41812;6/22/2014;6/27/2014;Standard Class;AS-100901406;Adam Shillingsburg;Consumer;10011;New York City;New York;United States;OFF-BI-6094;$36.56;5;0.2;$12.80;2.02
CA-2014-AS10090140-41762;5/3/2014;5/7/2014;Standard Class;AS-100901402;Adam Shillingsburg;Consumer;75061;Irving;Texas;United States;OFF-ST-3078;$18.94;3;0.2;-$3.79;1.79
IN-2013-KB1631578-41495;8/9/2013;8/11/2013;First Class;KB-1631578;Karl Braun;Consumer;;Kuala Lumpur;Kuala Lumpur;Malaysia;TEC-MA-5005;$1,226.19;7;0;$612.99;340.09
ID-2014-PK190757-41691;2/21/2014;2/22/2014;First Class;PK-190757;Pete Kriz;Consumer;;Perth;Western Australia;Australia;FUR-TA-3359;$1,809.26;5;0.3;-$258.50;339.47
ID-2013-CS121757-41473;7/18/2013;7/19/2013;First Class;CS-121757;Charles Sheldon;Corporate;;Darwin;Northern Territory;Australia;TEC-AC-3402;$1,863.00;8;0.1;$393.24;339.06
CA-2014-AS10090140-41894;9/12/2014;9/17/2014;Standard Class;AS-100901402;Adam Shillingsburg;Consumer;60653;Chicago;Illinois;United States;OFF-LA-6021;$6.00;2;0.2;$2.10;1.46
ES-2015-AF1088545-42103;4/9/2015;4/12/2015;First Class;AF-1088545;Art Foster;Consumer;;Bayeux;Normandy;France;OFF-ST-6049;$1,244.19;7;0.1;-$13.92;338.33
ES-2013-SJ2050045-41443;6/18/2013;6/20/2013;Second Class;SJ-2050045;Shirley Jackson;Consumer;;Lens;Nord-Pas-de-Calais-Picardie;France;FUR-TA-3343;$2,364.10;4;0.35;-$218.30;338.1
ES-2014-DM1295545-42004;12/31/2014;1/2/2015;First Class;DM-1295545;Dario Medina;Corporate;;Lannion;Brittany;France;TEC-CO-4590;$1,946.31;6;0.15;$114.45;337.93
CA-2014-AS10090140-41762;5/3/2014;5/7/2014;Standard Class;AS-100901402;Adam Shillingsburg;Consumer;75061;Irving;Texas;United States;OFF-ST-6158;$12.67;3;0.2;-$3.17;1.42
IT-2013-CC1261048-41289;1/15/2013;1/17/2013;First Class;CC-1261048;Corey Catlett;Corporate;;Iserlohn;North Rhine-Westphalia;Germany;OFF-AP-4497;$2,283.71;9;0.1;-$0.22;337.07
CG-2013-BW106533-41437;6/12/2013;6/14/2013;First Class;BW-106533;Barry Weirich;Consumer;;Kalemie;Katanga;Democratic Republic of the Congo;TEC-PH-5840;$2,549.76;4;0;$1,172.88;336.65
IN-2015-BE114557-42080;3/17/2015;3/22/2015;Second Class;BE-114557;Brad Eason;Home Office;;Sydney;New South Wales;Australia;TEC-CO-4568;$3,299.56;14;0.1;$366.28;336.02
ES-2013-TG2164014-41591;11/13/2013;11/17/2013;Standard Class;TG-2164014;Trudy Glocke;Consumer;;Ghent;East Flanders;Belgium;OFF-AP-3867;$2,489.40;9;0;$273.78;335.95
CA-2014-AS10090140-41762;5/3/2014;5/7/2014;Standard Class;AS-100901402;Adam Shillingsburg;Consumer;75061;Irving;Texas;United States;OFF-LA-3224;$5.04;2;0.2;$1.76;1.35
CA-2015-AS10090140-42264;9/17/2015;9/19/2015;First Class;AS-100901406;Adam Shillingsburg;Consumer;19143;Philadelphia;Pennsylvania;United States;OFF-BI-3473;$3.44;2;0.7;-$2.76;1.31
ES-2015-VM2168545-42140;5/16/2015;5/19/2015;First Class;VM-2168545;Valerie Mitchum;Home Office;;Marseille;Provence-Alpes-Côte d'Azur;France;FUR-BO-5971;$1,189.24;9;0.1;$250.99;334.23
CA-2013-AS10090140-41587;11/9/2013;11/13/2013;Standard Class;AS-100901402;Adam Shillingsburg;Consumer;65807;Springfield;Missouri;United States;OFF-BI-3473;$17.22;3;0;$7.92;1.3
MX-2015-SC2069539-42360;12/22/2015;12/24/2015;First Class;SC-2069539;Steve Chapman;Corporate;;Soyapango;San Salvador;El Salvador;FUR-CH-4530;$1,269.60;4;0;$355.44;333.148
ID-2014-SN2056097-41896;9/14/2014;9/14/2014;Same Day;SN-2056097;Skye Norling;Home Office;;Lahore;Punjab;Pakistan;TEC-PH-3148;$3,499.16;11;0.5;-$3,009.44;333.1
ID-2014-CD122807-41646;1/7/2014;1/13/2014;Standard Class;CD-122807;Christina DeMoss;Consumer;;Sydney;New South Wales;Australia;FUR-TA-5059;$2,993.03;5;0.3;$726.83;333.06
ES-2015-CC1210045-42182;6/27/2015;6/27/2015;Same Day;CC-1210045;Chad Cunningham;Home Office;;Grenoble;Auvergne-Rhône-Alpes;France;TEC-CO-3595;$815.95;3;0.15;$287.92;333.02
ES-2013-BG1103544-41468;7/13/2013;7/16/2013;Second Class;BG-1103544;Barry Gonzalez;Consumer;;Espoo;Uusimaa;Finland;TEC-MA-5502;$1,245.00;4;0;$161.76;332.96
IN-2015-CC125507-42046;2/11/2015;2/11/2015;Same Day;CC-125507;Clay Cheatham;Consumer;;Whyalla;South Australia;Australia;TEC-CO-3706;$1,027.73;8;0.1;$182.69;332.2
IN-2015-AB101057-42153;5/29/2015;6/5/2015;Standard Class;AB-101057;Adrian Barton;Consumer;;Adelaide;South Australia;Australia;TEC-CO-3609;$1,703.03;5;0.1;$737.93;332.14
IN-2015-SV2078559-42110;4/16/2015;4/18/2015;Second Class;SV-2078559;Stewart Visinsky;Consumer;;Medan;Sumatera Utara;Indonesia;OFF-ST-6049;$1,803.08;11;0.17;-$130.39;332.13
ES-2015-HW1493545-42335;11/27/2015;11/29/2015;First Class;HW-1493545;Helen Wasserman;Corporate;;Ivry-sur-Seine;Ile-de-France;France;FUR-BO-5798;$676.49;5;0.1;$195.29;330.51
IN-2012-AS1028558-41221;11/8/2012;11/10/2012;First Class;AS-1028558;Alejandro Savely;Corporate;;Kanpur;Uttar Pradesh;India;FUR-CH-5447;$969.36;7;0;$348.81;330.01
ES-2015-LD1685545-42265;9/18/2015;9/18/2015;Same Day;LD-1685545;Lela Donovan;Corporate;;Saint-Laurent-du-Var;Provence-Alpes-Côte d'Azur;France;FUR-BO-3639;$1,637.01;5;0.1;$90.81;329.73
MX-2015-NS1850528-42059;2/24/2015;2/27/2015;First Class;NS-1850528;Neola Schneider;Consumer;;Cartagena;Bolívar;Colombia;TEC-CO-6010;$1,655.96;7;0.002;$13.20;329.577
MX-2014-CM1271582-41885;9/3/2014;9/5/2014;First Class;CM-1271582;Craig Molinari;Corporate;;Cancún;Quintana Roo;Mexico;FUR-CH-5379;$976.96;4;0.2;$232.00;328.659
IN-2014-VG2180527-41996;12/23/2014;12/25/2014;First Class;VG-2180527;Vivek Grady;Corporate;;Harbin;Heilongjiang;China;FUR-BO-3641;$731.34;2;0;$175.50;328.35
GH-2015-JD606049-42172;6/17/2015;6/19/2015;First Class;JD-606049;Julia Dunbar;Consumer;;Kumasi;Ashanti;Ghana;OFF-AP-4956;$1,239.00;4;0;$0.00;327.94
ID-2015-MG17680144-42078;3/15/2015;3/17/2015;Second Class;MG-17680144;Maureen Gastineau;Home Office;;Ho Chi Minh City;Ho Chí Minh City;Vietnam;FUR-CH-5378;$1,680.61;5;0.27;$368.26;327.81
IN-2015-CD1228058-42197;7/12/2015;7/13/2015;First Class;CD-1228058;Christina DeMoss;Consumer;;Delhi;Delhi;India;FUR-BO-5763;$2,190.75;5;0;$65.70;327.55
ES-2015-DB13210139-42164;6/9/2015;6/12/2015;First Class;DB-13210139;Dean Braden;Consumer;;London;England;United Kingdom;TEC-MA-4206;$935.17;4;0.1;$114.25;327.11
ES-2015-CS118608-42292;10/15/2015;10/17/2015;Second Class;CS-118608;Cari Schnelling;Consumer;;Vienna;Vienna;Austria;OFF-ST-4057;$1,026.96;8;0;$441.36;326.35
IN-2015-AF1088558-42222;8/6/2015;8/9/2015;Second Class;AF-1088558;Art Foster;Consumer;;Salem;Tamil Nadu;India;TEC-PH-3148;$2,550.00;4;0;$280.44;326.32
ID-2013-BN11470130-41633;12/25/2013;12/28/2013;Second Class;BN-11470130;Brad Norvell;Corporate;;Bangkok;Bangkok;Thailand;TEC-PH-5267;$2,667.54;5;0.17;-$417.81;326.27
ES-2013-GG1465045-41615;12/7/2013;12/7/2013;Same Day;GG-1465045;Greg Guthrie;Corporate;;Angers;Pays de la Loire;France;TEC-CO-4792;$1,224.71;4;0.15;-$129.73;326.27
ES-2014-EM1406548-41775;5/16/2014;5/20/2014;Second Class;EM-1406548;Erin Mull;Consumer;;Bremen;Bremen;Germany;TEC-PH-3805;$2,605.92;4;0;$1,042.32;326.05
IR-2014-BS166560-41807;6/17/2014;6/18/2014;First Class;BS-166560;Brian Stugart;Consumer;;Khorramabad;Lorestan;Iran;OFF-ST-5700;$2,962.68;14;0;$207.06;325.93
IN-2015-AC1045058-42311;11/3/2015;11/7/2015;Standard Class;AC-1045058;Amy Cox;Consumer;;Chennai;Tamil Nadu;India;FUR-TA-4711;$2,664.00;5;0;$905.70;325.54
ES-2013-CK1220564-41422;5/28/2013;5/31/2013;First Class;CK-1220564;Chloris Kastensmidt;Consumer;;Barletta;Apulia;Italy;TEC-CO-4592;$1,513.56;4;0;$741.60;325.45
ES-2014-JD16150139-41868;8/17/2014;8/20/2014;Second Class;JD-16150139;Justin Deggeller;Corporate;;Tamworth;England;United Kingdom;FUR-BO-4848;$1,233.63;3;0;$234.36;325.32
UP-2012-CC2550137-41062;6/2/2012;6/4/2012;First Class;CC-2550137;Clay Cheatham;Consumer;;Kharkiv;Kharkiv;Ukraine;FUR-TA-5059;$855.15;1;0;$384.81;325.04
IT-2012-MS17830139-41103;7/13/2012;7/14/2012;First Class;MS-17830139;Melanie Seite;Consumer;;London;England;United Kingdom;TEC-MA-5511;$956.34;4;0.1;-$95.70;324.98
CA-2013-AS10090140-41587;11/9/2013;11/13/2013;Standard Class;AS-100901402;Adam Shillingsburg;Consumer;65807;Springfield;Missouri;United States;OFF-PA-6535;$17.34;3;0;$8.50;1.24
ES-2012-GT14710120-41198;10/16/2012;10/23/2012;Standard Class;GT-14710120;Greg Tran;Consumer;;Barcelona;Catalonia;Spain;FUR-CH-4654;$1,838.52;5;0.2;$160.77;324.09
IN-2012-CL1270058-41226;11/13/2012;11/19/2012;Standard Class;CL-1270058;Craig Leslie;Home Office;;Kulti;West Bengal;India;TEC-PH-5268;$4,498.83;7;0;$674.73;323.75
ES-2015-MM1792045-42199;7/14/2015;7/18/2015;Second Class;MM-1792045;Michael Moore;Consumer;;Le Mans;Pays de la Loire;France;TEC-PH-3805;$1,824.14;8;0.65;-$1,303.06;321.54
MX-2015-CM1216093-42158;6/3/2015;6/5/2015;First Class;CM-1216093;Charles McCrossin;Consumer;;Managua;Managua;Nicaragua;FUR-BO-5762;$2,344.00;8;0;$46.88;321.421
IN-2015-DB1306027-42353;12/15/2015;12/17/2015;Second Class;DB-1306027;Dave Brooks;Consumer;;Mianyang;Sichuan;China;TEC-PH-5263;$2,043.72;14;0;$756.00;321.36
MZ-2015-JW522087-42183;6/28/2015;6/28/2015;Same Day;JW-522087;Jane Waco;Corporate;;Maputo;Cidade De Maputo;Mozambique;OFF-ST-5708;$856.80;14;0;$265.44;321.23
US-2015-BN1147082-42358;12/20/2015;12/24/2015;Standard Class;BN-1147082;Brad Norvell;Corporate;;Cadereyta;Nuevo León;Mexico;OFF-AP-3872;$2,509.36;7;0;$426.58;320.956
IN-2013-JC157757-41310;2/5/2013;2/8/2013;First Class;JC-157757;John Castell;Consumer;;Bundaberg;Queensland;Australia;FUR-CH-5378;$819.94;2;0.1;$191.32;320.92
MX-2012-HL1504093-40929;1/21/2012;1/27/2012;Standard Class;HL-1504093;Hunter Lopez;Consumer;;Managua;Managua;Nicaragua;FUR-TA-3764;$2,797.25;6;0.2;-$0.07;320.376
MX-2013-LH1690018-41489;8/3/2013;8/5/2013;First Class;LH-1690018;Lena Hernandez;Consumer;;Valparaíso de Goiás;Goiás;Brazil;OFF-ST-6046;$1,455.08;11;0;$261.80;320.29
ID-2015-DV1304559-42304;10/27/2015;10/31/2015;Second Class;DV-1304559;Darrin Van Huff;Corporate;;Manado;Sulawesi Utara;Indonesia;FUR-BO-5786;$2,189.09;6;0.07;$541.37;320.28
IN-2013-BT1153058-41331;2/26/2013;3/4/2013;Standard Class;BT-1153058;Bradley Talbott;Home Office;;Muzaffarpur;Bihar;India;FUR-TA-3344;$5,451.30;6;0;$327.06;320.27
IR-2013-BM165060-41436;6/11/2013;6/12/2013;First Class;BM-165060;Brian Moss;Corporate;;Kermanshah;Kermanshah;Iran;TEC-PH-5269;$1,291.08;2;0;$296.94;319.58
IN-2012-MG1820558-40962;2/23/2012;2/26/2012;First Class;MG-1820558;Mitch Gastineau;Corporate;;Thane;Maharashtra;India;TEC-CO-4590;$1,526.52;4;0;$732.72;319.53
CA-2012-AS10090140-41173;9/21/2012;9/28/2012;Standard Class;AS-100901406;Adam Shillingsburg;Consumer;10035;New York City;New York;United States;OFF-BI-3729;$3.98;1;0.2;$1.39;1.22
MX-2014-FC1424528-41840;7/20/2014;7/27/2014;Standard Class;FC-1424528;Frank Carlisle;Home Office;;Piedecuesta;Santander;Colombia;FUR-CH-5442;$1,869.72;6;0;$205.56;318.169
MX-2014-TT2122051-41727;3/29/2014;4/1/2014;Second Class;TT-2122051;Thomas Thornton;Consumer;;Mixco;Guatemala;Guatemala;FUR-BO-5968;$1,815.24;7;0;$471.94;318.08
IN-2015-CY1274558-42300;10/23/2015;10/25/2015;First Class;CY-1274558;Craig Yedwab;Corporate;;Bangalore;Karnataka;India;TEC-CO-4578;$959.76;3;0;$460.62;317.81
MX-2015-SJ2021582-42179;6/24/2015;6/26/2015;Second Class;SJ-2021582;Sarah Jordon;Consumer;;Mexico City;Distrito Federal;Mexico;TEC-PH-3806;$3,045.84;7;0;$1,035.58;317.165
MX-2014-PB1880593-41942;10/30/2014;11/5/2014;Standard Class;PB-1880593;Patrick Bzostek;Home Office;;Managua;Managua;Nicaragua;TEC-PH-3148;$2,125.00;5;0;$297.50;316.764
CM-2013-BP123022-41621;12/13/2013;12/15/2013;First Class;BP-123022;Benjamin Patterson;Consumer;;Yaounde;Centre;Cameroon;TEC-AC-5224;$976.08;4;0;$292.80;316.66
IN-2014-RW1969027-41763;5/4/2014;5/6/2014;First Class;RW-1969027;Robert Waldorf;Consumer;;Xiamen;Fujian;China;TEC-CO-3688;$1,266.36;4;0;$265.92;316.59
CA-2012-AS10090140-41173;9/21/2012;9/28/2012;Standard Class;AS-100901406;Adam Shillingsburg;Consumer;10035;New York City;New York;United States;OFF-AR-3285;$13.04;4;0;$5.74;1.16
ZA-2012-DB3360146-41159;9/7/2012;9/9/2012;Second Class;DB-3360146;Dennis Bolton;Home Office;;Kitwe;Copperbelt;Zambia;FUR-TA-3442;$2,134.44;4;0;$682.92;315.57
ES-2013-DK1315048-41386;4/22/2013;4/26/2013;Standard Class;DK-1315048;David Kendrick;Corporate;;Berlin;Berlin;Germany;TEC-CO-3709;$4,748.44;14;0.1;$844.12;315.29
SF-2014-RW9540117-41942;10/30/2014;11/4/2014;Second Class;RW-9540117;Rick Wilson;Corporate;;Cape Town;Western Cape;South Africa;TEC-MA-5502;$1,867.50;6;0;$242.64;314.81
IN-2012-PS1904527-41014;4/15/2012;4/16/2012;First Class;PS-1904527;Penelope Sewall;Home Office;;Jieyang;Guangdong;China;FUR-CH-5411;$1,001.70;6;0;$250.38;314.7
CA-2014-AS10090140-41894;9/12/2014;9/17/2014;Standard Class;AS-100901402;Adam Shillingsburg;Consumer;60653;Chicago;Illinois;United States;OFF-BI-4884;$1.91;3;0.8;-$3.24;1.11
CA-2014-AB10105140-41991;12/18/2014;12/22/2014;Standard Class;AB-101051402;Adrian Barton;Consumer;48205;Detroit;Michigan;United States;OFF-BI-4345;$9,892.74;13;0;$4,946.37;498.7
IN-2015-MO1780066-42308;10/31/2015;11/4/2015;Standard Class;MO-1780066;Meg O'Connel;Home Office;;Hamamatsu;Shizuoka;Japan;OFF-AP-3873;$4,306.32;8;0;$1,722.48;314.15
IN-2014-NF1847527-41741;4/12/2014;4/14/2014;First Class;NF-1847527;Neil Französisch;Home Office;;Ningbo;Zhejiang;China;OFF-AP-3573;$899.55;3;0;$323.82;313.71
IN-2014-MR1754558-41954;11/11/2014;11/11/2014;Same Day;MR-1754558;Mathew Reese;Home Office;;Jodhpur;Rajasthan;India;TEC-CO-3683;$763.92;4;0;$381.96;313.66
IT-2013-CB1241548-41560;10/13/2013;10/17/2013;Standard Class;CB-1241548;Christy Brittain;Consumer;;Weimar;Thuringia;Germany;TEC-PH-5355;$2,544.24;4;0;$1,093.92;313.58
ID-2013-LC1705092-41560;10/13/2013;10/16/2013;Second Class;LC-1705092;Liz Carlisle;Consumer;;Auckland;Auckland;New Zealand;FUR-CH-4531;$1,136.66;4;0.4;-$189.46;313.52
IN-2015-RA1988527-42034;1/30/2015;2/3/2015;Standard Class;RA-1988527;Ruben Ausman;Corporate;;Beijing;Beijing;China;FUR-CH-5380;$2,301.00;5;0;$91.95;313.45
CG-2013-MG814533-41559;10/12/2013;10/16/2013;Second Class;MG-814533;Mike Gockenbach;Consumer;;Lubumbashi;Katanga;Democratic Republic of the Congo;TEC-PH-3805;$3,908.88;6;0;$1,563.48;313.31
CA-2015-AB10105140-42161;6/6/2015;6/7/2015;First Class;AB-101051402;Adrian Barton;Consumer;77581;Pearland;Texas;United States;TEC-PH-5089;$470.38;3;0.2;$52.92;137.41
CA-2015-AB10105140-42328;11/20/2015;11/24/2015;Standard Class;AB-101051408;Adrian Barton;Consumer;42420;Henderson;Kentucky;United States;FUR-FU-2871;$821.88;6;0;$213.69;83.56
ID-2014-EM1396058-41901;9/19/2014;9/23/2014;Standard Class;EM-1396058;Eric Murdock;Consumer;;Nagpur;Maharashtra;India;OFF-AP-3580;$2,249.16;4;0;$224.88;311.14
MX-2013-DJ1342082-41639;12/31/2013;1/5/2014;Standard Class;DJ-1342082;Denny Joy;Corporate;;Villahermosa;Tabasco;Mexico;OFF-AP-4505;$2,528.26;7;0;$176.96;310.748
ES-2015-CD1192045-42367;12/29/2015;12/31/2015;Second Class;CD-1192045;Carlos Daly;Consumer;;Oyonnax;Auvergne-Rhône-Alpes;France;FUR-TA-5064;$1,461.14;5;0.35;$202.19;310.17
MX-2014-BO1142582-41958;11/15/2014;11/19/2014;Standard Class;BO-1142582;Bobby Odegard;Consumer;;Metepec;México;Mexico;TEC-PH-3806;$3,045.84;7;0;$1,035.58;309.748
CA-2012-AB10105140-41262;12/19/2012;12/22/2012;First Class;AB-101051402;Adrian Barton;Consumer;46203;Indianapolis;Indiana;United States;OFF-BI-4827;$1,103.97;3;0;$496.79;63.82
CA-2015-AB10105140-42143;5/19/2015;5/21/2015;First Class;AB-101051404;Adrian Barton;Consumer;97206;Portland;Oregon;United States;TEC-PH-2879;$344.70;2;0.2;$38.78;48.59
ID-2015-KM16720102-42255;9/8/2015;9/11/2015;First Class;KM-16720102;Kunst Miller;Consumer;;Manila;National Capital;Philippines;FUR-BO-3626;$2,152.96;8;0.35;$198.64;309.11
ES-2014-SV2078545-41807;6/17/2014;6/19/2014;First Class;SV-2078545;Stewart Visinsky;Consumer;;Antony;Ile-de-France;France;TEC-AC-5136;$1,244.10;5;0;$447.75;309
MX-2012-BG1169582-41250;12/7/2012;12/7/2012;Same Day;BG-1169582;Brooke Gillingham;Corporate;;Culiacán;Sinaloa;Mexico;FUR-CH-5773;$2,226.82;9;0.2;$500.98;308.658
IN-2015-CS121307-42266;9/19/2015;9/21/2015;Second Class;CS-121307;Chad Sievert;Consumer;;Melbourne;Victoria;Australia;FUR-BO-5761;$1,586.41;4;0.1;$17.53;307.98
US-2014-AB10105140-41908;9/26/2014;10/1/2014;Standard Class;AB-101051404;Adrian Barton;Consumer;85023;Phoenix;Arizona;United States;FUR-TA-3412;$393.17;3;0.5;-$204.45;22.1
IZ-2015-BD163561-42045;2/10/2015;2/14/2015;Standard Class;BD-163561;Brian Derr;Consumer;;Al Amarah;Maysan;Iraq;OFF-AP-4966;$3,425.40;6;0;$1,233.00;307.83
ES-2015-RF19345120-42043;2/8/2015;2/11/2015;First Class;RF-19345120;Randy Ferguson;Corporate;;Barcelona;Catalonia;Spain;OFF-AP-4743;$1,136.94;2;0;$568.44;307.43
ID-2014-JE1616559-41856;8/5/2014;8/7/2014;First Class;JE-1616559;Justin Ellison;Corporate;;Jakarta;Jakarta;Indonesia;FUR-BO-3642;$677.64;2;0.07;$211.26;307.25
IR-2015-MG768060-42109;4/15/2015;4/18/2015;First Class;MG-768060;Maureen Gastineau;Home Office;;Mashhad;Razavi Khorasan;Iran;FUR-BO-3641;$731.34;2;0;$80.40;305.98
CA-2013-AB10105140-41585;11/7/2013;11/12/2013;Standard Class;AB-101051402;Adrian Barton;Consumer;77041;Houston;Texas;United States;TEC-MA-3700;$287.91;3;0.4;$33.59;18.31
IN-2015-CC1247558-42129;5/5/2015;5/7/2015;Second Class;CC-1247558;Cindy Chapman;Consumer;;Bhavnagar;Gujarat;India;TEC-CO-3596;$1,272.72;4;0;$534.48;305.27
ES-2014-LT1676564-41947;11/4/2014;11/6/2014;Second Class;LT-1676564;Larry Tron;Consumer;;Rome;Lazio;Italy;OFF-AP-4732;$1,856.34;6;0;$909.54;305.25
ES-2015-FH14365120-42165;6/10/2015;6/12/2015;First Class;FH-14365120;Fred Hopkins;Corporate;;Palma de Mallorca;Balearic Islands;Spain;TEC-PH-3148;$2,295.00;4;0.1;$459.00;305.2
ES-2013-BF1097545-41517;8/31/2013;9/2/2013;Second Class;BF-1097545;Barbara Fisher;Corporate;;Saint-Priest;Auvergne-Rhône-Alpes;France;TEC-PH-5354;$1,622.18;3;0.15;$324.38;305.16
IN-2014-CJ1201027-41810;6/20/2014;6/22/2014;Second Class;CJ-1201027;Caroline Jumper;Consumer;;Anshan;Liaoning;China;TEC-PH-3802;$1,063.44;7;0;$361.41;304.95
HU-2015-SH997557-42239;8/23/2015;8/28/2015;Standard Class;SH-997557;Sally Hughsby;Corporate;;Gyor;Gyor;Hungary;TEC-AC-5226;$3,449.88;14;0;$275.94;304.75
US-2013-SL2015582-41422;5/28/2013;5/29/2013;First Class;SL-2015582;Sara Luxemburg;Home Office;;Coyoacán;Distrito Federal;Mexico;FUR-BO-4861;$585.46;3;0.2;-$0.02;304.53
LI-2015-NC834073-42143;5/19/2015;5/21/2015;Second Class;NC-834073;Nat Carroll;Consumer;;Monrovia;Montserrado;Liberia;TEC-CO-6009;$1,429.44;4;0;$471.60;304.5
SF-2014-JB5400117-41758;4/29/2014;4/30/2014;First Class;JB-5400117;Jennifer Braxton;Corporate;;Johannesburg;Gauteng;South Africa;FUR-TA-4712;$1,057.80;2;0;$158.64;304.36
IN-2014-VG2180527-41996;12/23/2014;12/25/2014;First Class;VG-2180527;Vivek Grady;Corporate;;Harbin;Heilongjiang;China;FUR-BO-3642;$1,092.96;3;0;$393.39;304.16
MX-2015-TB2125031-42289;10/12/2015;10/15/2015;First Class;TB-2125031;Tim Brockman;Consumer;;Santiago de Cuba;Santiago de Cuba;Cuba;FUR-TA-3760;$1,483.00;5;0;$741.50;303.649
MX-2015-PS1897028-42109;4/15/2015;4/17/2015;First Class;PS-1897028;Paul Stevenson;Home Office;;Bogotá;Bogota;Colombia;OFF-AP-3872;$1,792.40;5;0;$304.70;303.631
ES-2015-BB1154548-42336;11/28/2015;12/3/2015;Standard Class;BB-1154548;Brenda Bowman;Corporate;;Erlangen;Bavaria;Germany;FUR-BO-5788;$2,455.68;7;0.1;-$191.16;303.59
GG-2013-SG1047047-41405;5/11/2013;5/13/2013;Second Class;SG-1047047;Sheri Gordon;Consumer;;Tbilisi;Tbilisi;Georgia;TEC-CO-3597;$1,900.44;6;0;$417.96;303.45
IN-2014-SP20920130-41808;6/18/2014;6/24/2014;Standard Class;SP-20920130;Susan Pistek;Consumer;;Bangkok;Bangkok;Thailand;TEC-PH-5839;$3,712.59;7;0.17;$849.87;302.99
IN-2013-NZ1856558-41398;5/4/2013;5/6/2013;Second Class;NZ-1856558;Nick Zandusky;Home Office;;Jaipur;Rajasthan;India;TEC-CO-3678;$2,372.22;9;0;$0.00;302.82
IN-2012-Dp1324027-41223;11/10/2012;11/14/2012;Standard Class;Dp-1324027;Dean percer;Home Office;;Suzhou;Gansu;China;TEC-PH-5354;$5,725.35;9;0;$1,602.99;302.61
ES-2015-GZ1447064-42362;12/24/2015;12/24/2015;Same Day;GZ-1447064;Gary Zandusky;Consumer;;Reggio nell'Emilia;Emilia-Romagna;Italy;FUR-BO-4862;$2,553.18;7;0;$842.52;302.55
MX-2015-AH1007582-42139;5/15/2015;5/19/2015;Standard Class;AH-1007582;Adam Hart;Corporate;;Azcapotzalco;Distrito Federal;Mexico;OFF-AP-4503;$2,003.52;6;0;$861.48;302.477
PL-2015-CB2025103-42347;12/9/2015;12/12/2015;First Class;CB-2025103;Cassandra Brandow;Consumer;;Lublin;Lublin;Poland;TEC-CO-5997;$1,188.36;4;0;$95.04;302.14
IN-2012-SC200507-41249;12/6/2012;12/10/2012;Standard Class;SC-200507;Sample Company A;Home Office;;Gold Coast;Queensland;Australia;TEC-PH-5356;$2,875.10;5;0.1;$511.10;302.01
IT-2014-AM10705125-41892;9/10/2014;9/15/2014;Second Class;AM-10705125;Anne McFarland;Consumer;;Zurich;Zürich;Switzerland;FUR-CH-4530;$2,380.50;5;0;$952.20;301.73
AL-2012-SC102302-40970;3/2/2012;3/4/2012;Second Class;SC-102302;Scot Coram;Corporate;;Elbasan;Elbasan;Albania;TEC-MA-6138;$1,619.10;10;0;$258.90;301.73
ID-2013-JS1559559-41275;1/1/2013;1/5/2013;Standard Class;JS-1559559;Jill Stevenson;Corporate;;Medan;Sumatera Utara;Indonesia;OFF-AP-4745;$2,821.72;6;0.17;$339.88;301.26
ID-2013-BS1138059-41577;10/30/2013;11/3/2013;Standard Class;BS-1138059;Bill Stewart;Corporate;;Bandung;Jawa Barat;Indonesia;TEC-CO-6009;$2,991.10;9;0.07;-$128.75;300.6
IN-2014-TC21295130-41962;11/19/2014;11/19/2014;Same Day;TC-21295130;Toby Carlisle;Consumer;;Bangkok;Bangkok;Thailand;OFF-AP-4505;$1,798.68;4;0.17;$86.64;300.5
RS-2014-JL5130108-41866;8/15/2014;8/17/2014;Second Class;JL-5130108;Jack Lebron;Consumer;;Voronezh;Voronezh;Russia;TEC-PH-3148;$2,544.84;4;0;$712.44;299.4
IN-2014-Dp1324066-41798;6/8/2014;6/8/2014;Same Day;Dp-1324066;Dean percer;Home Office;;Shimonoseki;Yamaguchi;Japan;FUR-CH-4532;$951.72;2;0;$228.36;299.12
IN-2015-NF1838511-42279;10/2/2015;10/6/2015;Standard Class;NF-1838511;Natalie Fritzler;Consumer;;Dhaka;Dhaka;Bangladesh;TEC-PH-5268;$2,575.92;4;0;$978.84;298.83
ES-2015-AS10090139-42062;2/27/2015;3/3/2015;Standard Class;AS-10090139;Adam Shillingsburg;Consumer;;Huddersfield;England;United Kingdom;OFF-AP-4745;$1,699.83;3;0;$84.96;298.77
IN-2014-EL137357-41943;10/31/2014;11/4/2014;Standard Class;EL-137357;Ed Ludwig;Home Office;;Melbourne;Victoria;Australia;FUR-BO-4861;$2,634.55;8;0.1;$116.95;298.63
IN-2014-FH1427559-41991;12/18/2014;12/25/2014;Standard Class;FH-1427559;Frank Hawley;Corporate;;Palu;Sulawesi Tengah;Indonesia;FUR-BO-3904;$3,707.35;11;0.07;$1,554.43;298.44
IN-2015-LT1676558-42133;5/9/2015;5/15/2015;Standard Class;LT-1676558;Larry Tron;Consumer;;Imphal;Manipur;India;FUR-TA-5057;$4,298.85;5;0;$300.90;297.81
IN-2015-BN1147027-42189;7/4/2015;7/8/2015;Standard Class;BN-1147027;Brad Norvell;Corporate;;Shenyang;Liaoning;China;OFF-AP-4964;$3,417.48;6;0;$854.28;297.2
ES-2013-BP11230120-41411;5/17/2013;5/21/2013;Standard Class;BP-11230120;Benjamin Patterson;Consumer;;Barcelona;Catalonia;Spain;OFF-AP-3576;$2,080.32;4;0;$561.60;296.98
IN-2012-DM1352558-41123;8/2/2012;8/5/2012;Second Class;DM-1352558;Don Miller;Corporate;;Muzaffarpur;Bihar;India;TEC-PH-5813;$840.60;5;0;$319.35;296.68
CA-2015-AB10105140-42267;9/20/2015;9/26/2015;Standard Class;AB-101051404;Adrian Barton;Consumer;85023;Phoenix;Arizona;United States;TEC-PH-5625;$471.92;2;0.2;$29.50;16.71
CD-2014-SM1032025-41684;2/14/2014;2/16/2014;Second Class;SM-1032025;Sean Miller;Home Office;;Koumra;Mandoul;Chad;OFF-ST-6033;$1,288.80;10;0;$90.00;296.08
IN-2013-PM191357-41417;5/23/2013;5/23/2013;Same Day;PM-191357;Peter McVee;Home Office;;Ballarat;Victoria;Australia;FUR-BO-5971;$660.69;5;0.1;$44.04;296.01
MW-2015-TS1143085-42220;8/4/2015;8/9/2015;Second Class;TS-1143085;Tom Stivers;Corporate;;Podgorica;Podgorica;Montenegro;OFF-AP-3874;$3,234.24;6;0;$970.20;295.74
MX-2014-TS2134018-41956;11/13/2014;11/18/2014;Standard Class;TS-2134018;Toby Swindell;Consumer;;Ribeirão Preto;São Paulo;Brazil;TEC-PH-3806;$2,171.30;5;0;$390.80;294.971
IN-2015-AM107057-42047;2/12/2015;2/14/2015;Second Class;AM-107057;Anne McFarland;Consumer;;Brisbane;Queensland;Australia;TEC-AC-4186;$2,074.73;9;0.1;$276.53;294.73
MX-2015-LS1724582-42319;11/11/2015;11/14/2015;First Class;LS-1724582;Lynn Smith;Consumer;;Zapopan;Jalisco;Mexico;TEC-PH-5355;$849.80;2;0;$195.44;294.566
IN-2014-DR129407-41728;3/30/2014;4/1/2014;First Class;DR-129407;Daniel Raglin;Home Office;;Sydney;New South Wales;Australia;FUR-BO-5951;$1,177.17;3;0.1;$353.13;294.55
CA-2013-AB10105140-41585;11/7/2013;11/12/2013;Standard Class;AB-101051402;Adrian Barton;Consumer;77041;Houston;Texas;United States;OFF-ST-4281;$177.65;2;0.2;-$28.87;14.93
CA-2015-AB10105140-42267;9/20/2015;9/26/2015;Standard Class;AB-101051404;Adrian Barton;Consumer;85023;Phoenix;Arizona;United States;TEC-AC-6076;$89.58;2;0.2;$4.48;12.35
IN-2014-CM1181597-41870;8/19/2014;8/21/2014;Second Class;CM-1181597;Candace McMahon;Corporate;;Lahore;Punjab;Pakistan;TEC-PH-5841;$2,863.08;9;0.5;-$458.19;293.78
ES-2015-FG1426045-42153;5/29/2015;5/31/2015;Second Class;FG-1426045;Frank Gastineau;Home Office;;Bordeaux;Aquitaine-Limousin-Poitou-Charentes;France;OFF-AP-3865;$1,253.07;5;0.1;$236.67;293.46
IR-2013-KN670560-41508;8/22/2013;8/29/2013;Standard Class;KN-670560;Kristina Nunn;Home Office;;Hamadan;Hamadan;Iran;OFF-AP-3579;$3,369.24;6;0;$606.42;293.12
WA-2015-TB1152089-42190;7/5/2015;7/5/2015;Same Day;TB-1152089;Tracy Blumstein;Consumer;;Windhoek;Khomas;Namibia;TEC-AC-5224;$1,464.12;6;0;$439.20;293.07
IT-2013-GM1444091-41347;3/14/2013;3/17/2013;First Class;GM-1444091;Gary McGarr;Consumer;;Eindhoven;North Brabant;Netherlands;FUR-BO-3903;$1,273.13;7;0.5;-$993.20;291.93
CA-2015-AB10523-42139;5/15/2015;5/15/2015;Same Day;AB-10523;Adrian Barton;Consumer;;Toronto;Ontario;Canada;OFF-AR-6111;$29.94;2;0;$10.74;5.81
MX-2015-JB1540051-42263;9/16/2015;9/18/2015;First Class;JB-1540051;Jennifer Braxton;Corporate;;Quetzaltenango;Quezaltenango;Guatemala;TEC-CO-4592;$1,258.78;5;0.002;$375.78;291.631
IN-2015-JS1603097-42223;8/7/2015;8/12/2015;Standard Class;JS-1603097;Joy Smith;Consumer;;Lahore;Punjab;Pakistan;FUR-CH-5775;$2,584.01;7;0.2;$290.60;291.06
IN-2014-AM10705102-41891;9/9/2014;9/9/2014;Same Day;AM-10705102;Anne McFarland;Consumer;;Manila;National Capital;Philippines;TEC-CO-3707;$1,482.39;6;0.35;$68.31;290.69
MX-2015-SF2020039-42255;9/8/2015;9/11/2015;First Class;SF-2020039;Sarah Foster;Consumer;;Antiguo Cuscatlán;La Libertad;El Salvador;TEC-PH-5355;$1,274.70;3;0;$293.16;290.523
CA-2013-AB10105140-41585;11/7/2013;11/12/2013;Standard Class;AB-101051402;Adrian Barton;Consumer;77041;Houston;Texas;United States;OFF-ST-4457;$84.78;2;0.2;-$16.96;5.8
MX-2013-JF1529531-41564;10/17/2013;10/21/2013;Standard Class;JF-1529531;Jason Fortune-;Consumer;;Guantánamo;Guantánamo;Cuba;FUR-CH-5443;$2,818.08;9;0;$225.36;289.515
ID-2015-KH16510102-42052;2/17/2015;2/18/2015;First Class;KH-16510102;Keith Herrera;Consumer;;Bacolod City;Western Visayas;Philippines;FUR-CH-5441;$1,046.25;3;0.25;-$111.60;289.32
IN-2013-DL1333058-41328;2/23/2013;2/28/2013;Standard Class;DL-1333058;Denise Leinenbach;Consumer;;Nagpur;Maharashtra;India;TEC-PH-5840;$3,187.20;5;0;$541.80;289.17
IN-2013-KN163907-41611;12/3/2013;12/10/2013;Standard Class;KN-163907;Katherine Nockton;Corporate;;Kwinana;Western Australia;Australia;FUR-CH-5378;$4,099.68;10;0.1;$956.58;288.98
IN-2013-SV2093527-41620;12/12/2013;12/14/2013;First Class;SV-2093527;Susan Vittorini;Consumer;;Wuxi;Jiangsu;China;OFF-ST-5691;$703.35;5;0;$260.10;288.75
IN-2015-MD178607-42171;6/16/2015;6/21/2015;Standard Class;MD-178607;Michael Dominguez;Corporate;;Sydney;New South Wales;Australia;TEC-CO-3598;$2,293.49;8;0.1;$509.57;288.63
ES-2013-LS1720045-41628;12/20/2013;12/22/2013;First Class;LS-1720045;Luke Schmidt;Corporate;;Deuil-la-Barre;Ile-de-France;France;TEC-MA-6138;$1,238.61;9;0.15;$14.43;288.47
MX-2015-JM1586582-42137;5/13/2015;5/17/2015;Standard Class;JM-1586582;John Murray;Consumer;;Zapopan;Jalisco;Mexico;FUR-CH-4656;$1,715.06;7;0.2;$300.08;288.103
CA-2015-AB10105140-42220;8/4/2015;8/8/2015;Standard Class;AB-101051402;Adrian Barton;Consumer;61701;Bloomington;Illinois;United States;TEC-AC-4936;$39.82;3;0.2;$7.47;5.7
IN-2015-CM124457-42315;11/7/2015;11/11/2015;Standard Class;CM-124457;Chuck Magee;Consumer;;Wollongong;New South Wales;Australia;FUR-CH-4531;$2,841.66;6;0;$852.48;287.24
IT-2014-SS20140104-41800;6/10/2014;6/14/2014;Standard Class;SS-20140104;Saphhira Shifley;Corporate;;Lisbon;Lisboa;Portugal;OFF-AP-4745;$3,399.66;12;0.5;-$3,059.82;286.87
IN-2013-BW1111058-41404;5/10/2013;5/12/2013;First Class;BW-1111058;Bart Watters;Corporate;;Jhansi;Uttar Pradesh;India;TEC-MA-5014;$1,607.76;6;0;$482.22;286.74
IN-2014-JE1561058-41895;9/13/2014;9/13/2014;Same Day;JE-1561058;Jim Epp;Corporate;;Amravati;Maharashtra;India;TEC-PH-5336;$840.15;5;0;$260.40;286.67
IN-2014-GH1442527-41845;7/25/2014;7/28/2014;First Class;GH-1442527;Gary Hwang;Consumer;;Wafangdian;Liaoning;China;FUR-BO-3891;$1,236.33;3;0;$519.21;286.57
IN-2015-JK1609058-42288;10/11/2015;10/14/2015;Second Class;JK-1609058;Juliana Krohn;Consumer;;Delhi;Delhi;India;OFF-AP-4958;$2,488.56;8;0;$348.24;286.53
MX-2012-SM2032036-41234;11/21/2012;11/24/2012;First Class;SM-2032036;Sean Miller;Home Office;;San Juan de la Maguana;San Juan;Dominican Republic;OFF-AP-3570;$1,124.26;7;0.2;$252.90;286.463
CA-2013-AB10105140-41585;11/7/2013;11/12/2013;Standard Class;AB-101051402;Adrian Barton;Consumer;77041;Houston;Texas;United States;FUR-FU-6235;$64.96;5;0.6;-$84.45;4.42
US-2015-GR1456082-42302;10/25/2015;10/25/2015;Same Day;GR-1456082;Georgia Rosenberg;Corporate;;Mexico City;Distrito Federal;Mexico;FUR-TA-5062;$726.72;3;0.2;-$18.18;286.366
CA-2014-AB10105140-41672;2/2/2014;2/7/2014;Standard Class;AB-101051406;Adrian Barton;Consumer;10011;New York City;New York;United States;OFF-ST-3360;$117.96;2;0;$5.90;4.17
MA-2014-DH367577-41926;10/14/2014;10/15/2014;First Class;DH-367577;Duane Huffman;Home Office;;Antananarivo;Analamanga;Madagascar;TEC-MA-6148;$1,519.92;6;0;$653.40;286.2
RS-2012-MM8280108-40953;2/14/2012;2/16/2012;Second Class;MM-8280108;Muhammed MacIntyre;Corporate;;Ufa;Bashkortostan;Russia;TEC-CO-3686;$1,279.32;4;0;$319.80;286.19
IN-2015-SW2027558-42125;5/1/2015;5/1/2015;Same Day;SW-2027558;Scott Williamson;Consumer;;Jamshedpur;Jharkhand;India;FUR-CH-4545;$723.30;5;0;$122.85;286.01
IR-2012-PM913560-40978;3/10/2012;3/12/2012;Second Class;PM-913560;Peter McVee;Home Office;;Tehran;Tehran;Iran;TEC-PH-5268;$642.69;1;0;$244.20;285.83
IN-2013-GH144257-41489;8/3/2013;8/8/2013;Standard Class;GH-144257;Gary Hwang;Consumer;;Bendigo;Victoria;Australia;FUR-BO-3903;$2,619.00;8;0.1;$232.68;285.65
ID-2013-JM1586597-41628;12/20/2013;12/23/2013;First Class;JM-1586597;John Murray;Consumer;;Quetta;Baluchistan;Pakistan;OFF-AP-4967;$1,704.87;6;0.5;-$1,023.03;285.61
ES-2013-CM1211564-41489;8/3/2013;8/7/2013;Standard Class;CM-1211564;Chad McGuire;Consumer;;Rovigo;Veneto;Italy;TEC-CO-4765;$1,715.91;7;0;$583.38;285.12
IN-2013-SC2084527-41445;6/20/2013;6/22/2013;First Class;SC-2084527;Sung Chung;Consumer;;Shenyang;Liaoning;China;TEC-PH-5839;$1,278.00;2;0;$460.08;284.81
MO-2014-GP474086-41678;2/8/2014;2/9/2014;First Class;GP-474086;Guy Phonely;Corporate;;Casablanca;Grand Casablanca;Morocco;OFF-AP-4731;$1,234.56;4;0;$246.84;284.7
ES-2012-AF1087014-41179;9/27/2012;10/2/2012;Standard Class;AF-1087014;Art Ferguson;Consumer;;Ghent;East Flanders;Belgium;OFF-AP-4738;$4,195.20;8;0;$839.04;284.51
IT-2013-TS2150545-41448;6/23/2013;6/26/2013;Second Class;TS-2150545;Tony Sayre;Consumer;;Boulogne-Billancourt;Ile-de-France;France;FUR-BO-5786;$1,765.40;5;0.1;-$98.21;284.19
MX-2014-CR1273028-41993;12/20/2014;12/22/2014;First Class;CR-1273028;Craig Reiter;Consumer;;Soacha;Cundinamarca;Colombia;FUR-TA-3420;$1,480.37;3;0.2;$333.05;283.928
MX-2013-FH1436582-41558;10/11/2013;10/14/2013;First Class;FH-1436582;Fred Hopkins;Corporate;;Puebla;Puebla;Mexico;TEC-PH-3148;$2,968.98;7;0;$89.04;283.685
ID-2012-BM115757-41149;8/28/2012;9/4/2012;Standard Class;BM-115757;Brendan Murry;Corporate;;Brisbane;Queensland;Australia;FUR-TA-5071;$2,301.14;7;0.3;-$953.44;283.36
ES-2015-AH100308-42203;7/18/2015;7/18/2015;Same Day;AH-100308;Aaron Hawkins;Corporate;;Vienna;Vienna;Austria;FUR-BO-3640;$1,100.52;3;0;$352.08;283.25
IN-2012-AG1049527-41248;12/5/2012;12/12/2012;Standard Class;AG-1049527;Andrew Gjertsen;Corporate;;Xiangtan;Hunan;China;TEC-CO-4790;$2,518.95;7;0;$553.98;283.09
ES-2015-BN11470139-42110;4/16/2015;4/16/2015;Same Day;BN-11470139;Brad Norvell;Corporate;;Dudley;England;United Kingdom;FUR-BO-5778;$996.30;5;0;$119.55;282.58
CA-2015-AB10105140-42267;9/20/2015;9/26/2015;Standard Class;AB-101051404;Adrian Barton;Consumer;85023;Phoenix;Arizona;United States;OFF-BI-5614;$18.18;4;0.7;-$13.94;3.26
AU-2012-AG6758-41153;9/1/2012;9/1/2012;Same Day;AG-6758;Anna Gayman;Consumer;;Vienna;Vienna;Austria;FUR-TA-4646;$922.95;1;0;$341.49;282.09
ES-2014-SW2075545-41852;8/1/2014;8/2/2014;First Class;SW-2075545;Steven Ward;Corporate;;Ris-Orangis;Ile-de-France;France;FUR-BO-4848;$1,850.45;5;0.1;$185.00;281.82
MX-2015-CS1246093-42259;9/12/2015;9/14/2015;First Class;CS-1246093;Chuck Sachs;Consumer;;Managua;Managua;Nicaragua;FUR-BO-5940;$664.56;6;0;$6.60;281.743
ES-2015-SK1999045-42222;8/6/2015;8/7/2015;First Class;SK-1999045;Sally Knutson;Consumer;;Levallois-Perret;Ile-de-France;France;TEC-AC-5896;$1,547.10;6;0;$340.20;280.54
IN-2015-MP18175144-42328;11/20/2015;11/23/2015;First Class;MP-18175144;Mike Pelletier;Home Office;;Ho Chi Minh City;Ho Chí Minh City;Vietnam;OFF-AP-4961;$2,190.95;5;0.17;$316.70;280.47
MX-2013-AG1090082-41398;5/4/2013;5/9/2013;Standard Class;AG-1090082;Arthur Gainer;Consumer;;Mexico City;Distrito Federal;Mexico;OFF-AP-4508;$3,242.88;9;0;$324.18;279.53
MO-2013-AJ96086-41513;8/27/2013;8/31/2013;Standard Class;AJ-96086;Astrea Jones;Consumer;;Casablanca;Grand Casablanca;Morocco;TEC-PH-5842;$2,544.60;4;0;$1,246.80;279.11
UP-2014-MC7275137-41997;12/24/2014;12/29/2014;Second Class;MC-7275137;Marc Crier;Consumer;;Luts'k;Volyn;Ukraine;TEC-PH-3806;$2,605.56;4;0;$573.12;278.98
IT-2014-JF15295120-41668;1/29/2014;1/31/2014;Second Class;JF-15295120;Jason Fortune-;Consumer;;Madrid;Madrid;Spain;OFF-ST-6033;$1,271.46;11;0.1;-$127.41;278.75
CA-2015-AB10523-42139;5/15/2015;5/15/2015;Same Day;AB-10523;Adrian Barton;Consumer;;Toronto;Ontario;Canada;OFF-AR-5912;$34.02;2;0;$14.28;2.83
SA-2012-MM7260110-41269;12/26/2012;12/28/2012;Second Class;MM-7260110;Magdelene Morse;Consumer;;Jizan;Jizan;Saudi Arabia;TEC-MA-6142;$1,207.56;4;0;$0.00;278.34
IN-2013-EJ13720113-41608;11/30/2013;12/4/2013;Second Class;EJ-13720113;Ed Jacobs;Consumer;;Singapore;Singapore;Singapore;FUR-BO-3889;$2,051.10;5;0;$40.95;278.13
MX-2014-MS1736539-41780;5/21/2014;5/23/2014;Second Class;MS-1736539;Maribeth Schnelling;Consumer;;San Salvador;San Salvador;El Salvador;TEC-PH-5355;$2,544.24;6;0;$992.16;277.925
CA-2013-AB10105140-41585;11/7/2013;11/12/2013;Standard Class;AB-101051402;Adrian Barton;Consumer;77041;Houston;Texas;United States;OFF-AR-5156;$23.64;3;0.2;$5.32;2.04
ES-2015-DH13675139-42182;6/27/2015;6/28/2015;First Class;DH-13675139;Duane Huffman;Home Office;;Stoke-on-Trent;England;United Kingdom;FUR-BO-5763;$1,314.45;3;0;$341.73;277.29
CA-2015-AB10105140-42267;9/20/2015;9/26/2015;Standard Class;AB-101051404;Adrian Barton;Consumer;85023;Phoenix;Arizona;United States;OFF-ST-3078;$12.62;2;0.2;-$2.52;1.94
MX-2014-HE1480018-41845;7/25/2014;7/28/2014;First Class;HE-1480018;Harold Engle;Corporate;;São Paulo;São Paulo;Brazil;FUR-TA-4647;$980.32;2;0.2;$110.28;276.713
CA-2015-AB10105140-42328;11/20/2015;11/24/2015;Standard Class;AB-101051408;Adrian Barton;Consumer;42420;Henderson;Kentucky;United States;OFF-BI-4346;$21.96;2;0;$10.76;1.6
IN-2012-SB2017027-41208;10/26/2012;10/28/2012;Second Class;SB-2017027;Sarah Bern;Consumer;;Huaibei;Anhui;China;FUR-BO-4851;$2,470.50;6;0;$518.76;276.29
CA-2013-AB10105140-41585;11/7/2013;11/12/2013;Standard Class;AB-101051402;Adrian Barton;Consumer;77041;Houston;Texas;United States;OFF-BI-3308;$32.06;10;0.8;-$51.30;1.59
IN-2013-VT2170092-41634;12/26/2013;12/27/2013;First Class;VT-2170092;Valerie Takahito;Home Office;;Masterton;Wellington;New Zealand;FUR-BO-5949;$877.02;2;0;$105.24;275.91
CA-2012-AB10105140-41262;12/19/2012;12/22/2012;First Class;AB-101051402;Adrian Barton;Consumer;46203;Indianapolis;Indiana;United States;OFF-LA-3206;$3.69;1;0;$1.73;1.39
IN-2013-BC1112592-41401;5/7/2013;5/10/2013;First Class;BC-1112592;Becky Castell;Home Office;;Whangarei;Northland;New Zealand;TEC-CO-4576;$1,917.36;6;0;$747.72;275.57
IN-2012-NF1859527-40916;1/8/2012;1/12/2012;Second Class;NF-1859527;Nicole Fjeld;Home Office;;Kunming;Yunnan;China;TEC-MA-5548;$2,173.50;7;0;$260.82;275.52
CA-2014-AH10120140-41992;12/19/2014;12/22/2014;First Class;AH-101201404;Adrian Hane;Home Office;97301;Salem;Oregon;United States;FUR-TA-4841;$377.45;5;0.5;-$264.22;55.53
CA-2015-AH10120140-42103;4/9/2015;4/13/2015;Standard Class;AH-101201404;Adrian Hane;Home Office;94110;San Francisco;California;United States;OFF-PA-6497;$195.76;4;0;$97.88;34.03
IT-2012-RB19330120-41077;6/17/2012;6/19/2012;Second Class;RB-19330120;Randy Bradley;Consumer;;Pamplona;Navarra;Spain;FUR-BO-4860;$1,814.25;5;0;$653.10;274.63
ES-2013-CS11950124-41283;1/9/2013;1/10/2013;First Class;CS-11950124;Carlos Soltero;Consumer;;Haninge;Stockholm;Sweden;OFF-AP-3577;$1,293.68;5;0.5;-$776.33;274.58
ES-2015-BW11110120-42046;2/11/2015;2/15/2015;Standard Class;BW-11110120;Bart Watters;Corporate;;Oviedo;Asturias;Spain;OFF-AP-3868;$2,477.55;5;0;$1,040.55;273.88
CA-2012-AH10120140-41107;7/17/2012;7/17/2012;Same Day;AH-101201404;Adrian Hane;Home Office;85705;Tucson;Arizona;United States;FUR-CH-5428;$259.14;4;0.2;-$25.91;31.15
IN-2013-LW1682558-41376;4/12/2013;4/14/2013;Second Class;LW-1682558;Laurel Workman;Corporate;;Nasik;Maharashtra;India;TEC-CO-4789;$723.30;2;0;$332.70;273.63
ES-2015-RD19585120-42007;1/3/2015;1/4/2015;Same Day;RD-19585120;Rob Dowd;Consumer;;Torrevieja;Valenciana;Spain;TEC-CO-3681;$2,097.12;8;0;$188.64;273.57
CA-2015-AH10120140-42103;4/9/2015;4/13/2015;Standard Class;AH-101201404;Adrian Hane;Home Office;94110;San Francisco;California;United States;OFF-PA-6441;$244.55;5;0;$114.94;25.05
IN-2015-BT1168066-42351;12/13/2015;12/19/2015;Standard Class;BT-1168066;Brian Thompson;Consumer;;Ube;Yamaguchi;Japan;OFF-AP-4508;$3,242.88;6;0;$421.56;271.59
CA-2015-AH10120140-42188;7/3/2015;7/6/2015;First Class;AH-101201402;Adrian Hane;Home Office;77036;Houston;Texas;United States;OFF-PA-6361;$163.96;5;0.2;$59.44;17.38
CA-2015-AH10120140-42234;8/18/2015;8/24/2015;Standard Class;AH-101201408;Adrian Hane;Home Office;40214;Louisville;Kentucky;United States;TEC-AC-5097;$98.16;6;0;$9.82;13.93
IT-2015-TB2117564-42284;10/7/2015;10/8/2015;First Class;TB-2117564;Thomas Boland;Corporate;;Pozzuoli;Campania;Italy;FUR-BO-5972;$597.36;4;0;$226.92;271.01
UP-2014-MD7860137-41810;6/20/2014;6/24/2014;Standard Class;MD-7860137;Michael Dominguez;Corporate;;Poltava;Poltava;Ukraine;OFF-AP-4498;$3,955.14;14;0;$1,383.90;270.65
IN-2015-JH1618059-42196;7/11/2015;7/14/2015;First Class;JH-1618059;Justin Hirsh;Consumer;;Depok;Yogyakarta;Indonesia;FUR-BO-3887;$796.82;6;0.07;$231.26;270.56
ES-2015-CC1214548-42118;4/24/2015;4/27/2015;Second Class;CC-1214548;Charles Crestani;Consumer;;Regensburg;Bavaria;Germany;TEC-AC-4186;$2,305.26;9;0;$922.05;270.26
MX-2012-XP2186539-41032;5/3/2012;5/7/2012;Standard Class;XP-2186539;Xylona Preis;Consumer;;Mejicanos;San Salvador;El Salvador;FUR-TA-4713;$2,833.76;10;0.2;$35.36;269.94
IN-2012-TS2137058-41187;10/5/2012;10/9/2012;Standard Class;TS-2137058;Todd Sumrall;Corporate;;Visakhapatnam;Andhra Pradesh;India;OFF-AP-3575;$2,077.32;4;0;$581.64;269.89
MX-2015-ML1741031-42320;11/12/2015;11/16/2015;Standard Class;ML-1741031;Maris LaWare;Consumer;;Camagüey;Camagüey;Cuba;FUR-BO-3892;$1,916.88;7;0;$939.26;269.764
MX-2015-MY1829593-42355;12/17/2015;12/19/2015;First Class;MY-1829593;Muhammed Yedwab;Corporate;;Matagalpa;Matagalpa;Nicaragua;FUR-BO-3903;$1,212.50;5;0;$606.20;269.525
CA-2015-AH10120140-42234;8/18/2015;8/24/2015;Standard Class;AH-101201408;Adrian Hane;Home Office;40214;Louisville;Kentucky;United States;OFF-BI-4358;$102.93;3;0;$48.38;10.69
ES-2014-BS1166545-41734;4/5/2014;4/8/2014;First Class;BS-1166545;Brian Stugart;Consumer;;Clamart;Ile-de-France;France;TEC-PH-3147;$1,622.57;3;0.15;$133.61;268.19
IN-2015-NL1831092-42266;9/19/2015;9/19/2015;Same Day;NL-1831092;Nancy Lomonaco;Home Office;;Christchurch;Canterbury;New Zealand;TEC-CO-3706;$856.44;6;0;$222.66;268.13
CA-2014-AH10120140-41992;12/19/2014;12/22/2014;First Class;AH-101201404;Adrian Hane;Home Office;97301;Salem;Oregon;United States;OFF-BI-6345;$45.24;4;0.7;-$30.16;7.16
IT-2015-CA1196548-42195;7/10/2015;7/14/2015;Second Class;CA-1196548;Carol Adams;Corporate;;Garbsen;Lower Saxony;Germany;FUR-BO-5942;$1,361.04;9;0.1;$196.53;268.04
IN-2015-QJ1925527-42283;10/6/2015;10/12/2015;Standard Class;QJ-1925527;Quincy Jones;Corporate;;Jixi;Heilongjiang;China;TEC-CO-3709;$3,391.74;9;0;$271.08;267.93
MX-2014-RE1945036-41791;6/1/2014;6/7/2014;Standard Class;RE-1945036;Richard Eichhorn;Consumer;;Santo Domingo;Santo Domingo;Dominican Republic;TEC-PH-5841;$2,375.30;7;0.2;-$207.84;267.784
SF-2013-CP2085117-41506;8/20/2013;8/22/2013;First Class;CP-2085117;Cathy Prescott;Corporate;;Potchefstroom;North-West;South Africa;FUR-BO-5972;$889.02;6;0;$320.04;267.64
RS-2012-JK5730108-41150;8/29/2012;8/29/2012;Same Day;JK-5730108;Joe Kamberova;Consumer;;Vladimir;Vladimir;Russia;FUR-TA-3759;$1,782.48;4;0;$873.36;266.4
ES-2013-HZ1495045-41612;12/4/2013;12/5/2013;First Class;HZ-1495045;Henia Zydlo;Consumer;;Bordeaux;Aquitaine-Limousin-Poitou-Charentes;France;TEC-CO-4568;$667.77;3;0.15;$274.92;266.02
ID-2015-AR105707-42290;10/13/2015;10/18/2015;Standard Class;AR-105707;Anemone Ratner;Consumer;;Perth;Western Australia;Australia;TEC-CO-4791;$1,612.85;5;0.1;$394.25;266
IT-2014-EH14005120-41992;12/19/2014;12/21/2014;Second Class;EH-14005120;Erica Hernandez;Home Office;;Burgos;Castile and León;Spain;OFF-ST-6248;$845.21;7;0.1;-$9.49;265.85
IN-2013-JR1570058-41441;6/16/2013;6/22/2013;Standard Class;JR-1570058;Jocasta Rupert;Consumer;;Kollam;Kerala;India;OFF-AP-4958;$2,799.63;9;0;$391.77;265.46
IN-2014-PL1892588-41871;8/20/2014;8/20/2014;Same Day;PL-1892588;Paul Lucas;Home Office;;Yangon;Yangon;Myanmar (Burma);OFF-AP-4958;$1,549.13;6;0.17;-$56.11;265.14
MX-2013-TC2114582-41446;6/21/2013;6/25/2013;Standard Class;TC-2114582;Theresa Coyne;Corporate;;Mexico City;Distrito Federal;Mexico;TEC-PH-5842;$1,696.40;4;0;$67.84;264.888
MX-2013-DG1330082-41417;5/23/2013;5/25/2013;First Class;DG-1330082;Deirdre Greer;Corporate;;Mexico City;Distrito Federal;Mexico;OFF-AP-4500;$935.50;5;0;$168.30;264.428
ES-2014-LW1699045-41759;4/30/2014;5/3/2014;First Class;LW-1699045;Lindsay Williams;Corporate;;Bondy;Ile-de-France;France;TEC-MA-5016;$2,036.81;9;0.15;$359.30;263.82
ES-2013-Dl1360045-41440;6/15/2013;6/15/2013;Same Day;Dl-1360045;Dorris liebe;Corporate;;Mont-de-Marsan;Aquitaine-Limousin-Poitou-Charentes;France;TEC-AC-5135;$980.52;4;0;$176.40;263.71
CA-2014-AH10120140-41992;12/19/2014;12/22/2014;First Class;AH-101201404;Adrian Hane;Home Office;97301;Salem;Oregon;United States;OFF-AR-5289;$18.69;4;0.2;$2.34;4.12
ES-2014-SC2009545-41991;12/18/2014;12/22/2014;Standard Class;SC-2009545;Sanjit Chand;Consumer;;Lyon;Auvergne-Rhône-Alpes;France;TEC-CO-4767;$1,654.64;8;0.15;$681.20;263.47
ID-2015-EB1393059-42206;7/21/2015;7/25/2015;Standard Class;EB-1393059;Eric Barreto;Consumer;;Depok;Jawa Barat;Indonesia;FUR-CH-4530;$2,063.77;6;0.27;$141.19;263.01
MO-2014-GP474086-41678;2/8/2014;2/9/2014;First Class;GP-474086;Guy Phonely;Corporate;;Casablanca;Grand Casablanca;Morocco;TEC-PH-3786;$1,457.28;8;0;$568.32;262.66
IN-2012-SB2017027-41208;10/26/2012;10/28/2012;Second Class;SB-2017027;Sarah Bern;Consumer;;Huaibei;Anhui;China;TEC-CO-4765;$1,693.23;7;0;$829.50;262.52
CA-2014-AH10120140-41992;12/19/2014;12/22/2014;First Class;AH-101201404;Adrian Hane;Home Office;97301;Salem;Oregon;United States;TEC-PH-5163;$28.68;3;0.2;-$7.17;3.1
MX-2014-SM2000518-41696;2/26/2014;3/1/2014;First Class;SM-2000518;Sally Matthias;Consumer;;Santo André;São Paulo;Brazil;FUR-TA-3761;$1,411.20;6;0.2;$405.72;262.111
IT-2012-JR1567048-41238;11/25/2012;11/29/2012;Standard Class;JR-1567048;Jim Radford;Consumer;;Menden;North Rhine-Westphalia;Germany;OFF-AP-4745;$2,039.80;4;0.1;-$113.36;262.11
IN-2013-CM1216027-41506;8/20/2013;8/24/2013;Standard Class;CM-1216027;Charles McCrossin;Consumer;;Beijing;Beijing;China;TEC-PH-3148;$5,737.50;9;0;$630.99;261.87
IN-2013-DL129257-41418;5/24/2013;5/28/2013;Standard Class;DL-129257;Daniel Lacy;Consumer;;Wollongong;New South Wales;Australia;TEC-CO-3587;$1,641.09;7;0.1;$473.91;261.52
MX-2012-FM1429065-41216;11/3/2012;11/7/2012;Standard Class;FM-1429065;Frank Merwin;Home Office;;Spanish Town;Saint Catherine;Jamaica;FUR-BO-4849;$1,380.90;5;0;$303.70;261.262
IN-2012-DP1316558-41173;9/21/2012;9/26/2012;Second Class;DP-1316558;David Philippe;Consumer;;Thane;Maharashtra;India;TEC-PH-5839;$1,917.00;3;0;$690.12;261.08
IN-2014-CK1259592-41929;10/17/2014;10/19/2014;Second Class;CK-1259592;Clytie Kelty;Consumer;;Taupo;Waikato;New Zealand;FUR-BO-4851;$823.50;2;0;$172.92;260.6
CA-2014-AH10120140-41992;12/19/2014;12/22/2014;First Class;AH-101201404;Adrian Hane;Home Office;97301;Salem;Oregon;United States;TEC-AC-6078;$112.78;3;0.2;-$8.46;2.56
IN-2014-GM1444027-41795;6/5/2014;6/9/2014;Standard Class;GM-1444027;Gary McGarr;Consumer;;Fengcheng;Liaoning;China;TEC-PH-5842;$3,180.75;5;0;$1,081.35;260.29
ES-2014-CM1183045-41773;5/14/2014;5/16/2014;Second Class;CM-1183045;Cari MacIntyre;Corporate;;Vernon;Normandy;France;TEC-MA-5502;$2,910.19;11;0.15;-$68.72;259.97
CA-2014-AH10120140-41992;12/19/2014;12/22/2014;First Class;AH-101201404;Adrian Hane;Home Office;97301;Salem;Oregon;United States;OFF-LA-3327;$15.94;4;0.2;$5.18;2.36
CA-2015-AH10120140-42188;7/3/2015;7/6/2015;First Class;AH-101201402;Adrian Hane;Home Office;77036;Houston;Texas;United States;OFF-BI-6393;$5.23;4;0.8;-$8.11;1.74
IN-2014-MM1726027-41933;10/21/2014;10/24/2014;Second Class;MM-1726027;Magdelene Morse;Consumer;;Tianjin;Tianjin;China;TEC-PH-3787;$910.35;5;0;$391.35;259.57
ES-2015-ME17320139-42227;8/11/2015;8/14/2015;First Class;ME-17320139;Maria Etezadi;Home Office;;Stoke-on-Trent;England;United Kingdom;FUR-TA-5055;$856.68;2;0;$274.08;259.34
MX-2014-CS1249082-41763;5/4/2014;5/8/2014;Standard Class;CS-1249082;Cindy Schnelling;Corporate;;Chihuahua;Chihuahua;Mexico;FUR-CH-5776;$1,731.07;7;0.2;-$238.03;259.249
IT-2014-GH14410120-41835;7/15/2014;7/15/2014;Same Day;GH-14410120;Gary Hansen;Home Office;;Elx;Valenciana;Spain;TEC-PH-5359;$1,330.99;12;0.1;-$103.61;259.12
CA-2014-AH10120140-41992;12/19/2014;12/22/2014;First Class;AH-101201404;Adrian Hane;Home Office;97301;Salem;Oregon;United States;OFF-PA-3507;$11.65;2;0.2;$3.79;1.52
MX-2015-MC1763536-42340;12/2/2015;12/6/2015;Second Class;MC-1763536;Matthew Clasen;Corporate;;Santa Cruz de Barahona;Barahona;Dominican Republic;TEC-AC-5894;$1,914.08;14;0.2;$669.76;258.96
MX-2015-VT2170018-42012;1/8/2015;1/13/2015;Standard Class;VT-2170018;Valerie Takahito;Home Office;;Brasília;Federal District;Brazil;TEC-PH-3148;$3,393.12;8;0;$101.76;258.835
CA-2014-AH10120140-41821;7/1/2014;7/4/2014;Second Class;AH-101201402;Adrian Hane;Home Office;60505;Aurora;Illinois;United States;TEC-AC-4945;$50.12;7;0.2;-$0.63;1.34
IN-2015-SJ2021527-42182;6/27/2015;6/27/2015;Same Day;SJ-2021527;Sarah Jordon;Consumer;;Lanzhou;Gansu;China;TEC-CO-4789;$1,446.60;4;0;$665.40;258.02
IN-2012-CD1192027-40979;3/11/2012;3/16/2012;Standard Class;CD-1192027;Carlos Daly;Consumer;;Shanghai;Shanghai;China;FUR-CH-5442;$3,272.01;7;0;$1,537.83;257.63
ID-2014-TA21385102-41654;1/15/2014;1/21/2014;Standard Class;TA-21385102;Tom Ashbrook;Home Office;;Manila;National Capital;Philippines;OFF-AP-4744;$3,386.86;7;0.15;-$597.68;257.24
IN-2013-DP131057-41514;8/28/2013;9/2/2013;Second Class;DP-131057;Dave Poirier;Corporate;;Alice Springs;Northern Territory;Australia;OFF-AP-4959;$2,498.53;9;0.1;$499.45;257.16
ES-2012-DJ88887148-41231;11/18/2012;11/20/2012;Second Class;DJ-88887148;Denny Joy;Corporate;;Athens;Attica;Greece;TEC-PH-5248;$728.53;7;0.4;-$133.73;257.16
QA-2015-LM7065105-42362;12/24/2015;12/28/2015;Standard Class;LM-7065105;Liz MacKendrick;Consumer;;Doha;Ad Dawhah;Qatar;TEC-PH-5268;$2,575.92;4;0;$772.68;256.87
ES-2013-AR1051064-41441;6/16/2013;6/20/2013;Standard Class;AR-1051064;Andrew Roberts;Consumer;;Velletri;Lazio;Italy;FUR-BO-3639;$2,546.46;7;0;$381.78;256.7
IN-2014-JH1591066-41831;7/11/2014;7/15/2014;Standard Class;JH-1591066;Jonathan Howell;Consumer;;Matsubara;Oita;Japan;FUR-BO-3627;$2,888.76;7;0;$173.25;256.64
IN-2013-PC1900078-41416;5/22/2013;5/25/2013;Second Class;PC-1900078;Pauline Chand;Home Office;;Kuantan;Pahang;Malaysia;TEC-AC-5896;$1,031.40;4;0;$185.64;256.26
ES-2015-CM12235139-42221;8/5/2015;8/9/2015;Standard Class;CM-12235139;Chris McAfee;Consumer;;Gloucester;England;United Kingdom;TEC-PH-3800;$1,237.44;8;0;$74.16;255.92
CG-2015-DK337533-42228;8/12/2015;8/15/2015;Second Class;DK-337533;Dennis Kane;Consumer;;Kinshasa;Kinshasa;Democratic Republic of the Congo;TEC-MA-6149;$1,018.32;4;0;$183.24;255.69
ES-2013-NM18520120-41634;12/26/2013;12/28/2013;Second Class;NM-18520120;Neoma Murray;Consumer;;Vigo;Galicia;Spain;OFF-SU-3001;$600.60;13;0;$131.82;255.57
ES-2014-EG1390045-41644;1/5/2014;1/10/2014;Standard Class;EG-1390045;Emily Grady;Consumer;;Puteaux;Ile-de-France;France;FUR-BO-5760;$2,756.94;7;0.1;$1,163.88;255.56
ID-2015-AH100757-42367;12/29/2015;12/31/2015;First Class;AH-100757;Adam Hart;Corporate;;Geelong;Victoria;Australia;OFF-AP-4743;$1,534.87;3;0.1;-$102.41;255.42
IN-2014-AS1063092-41989;12/16/2014;12/20/2014;Standard Class;AS-1063092;Ann Steele;Home Office;;Whakatane;Bay of Plenty;New Zealand;TEC-PH-5268;$6,439.80;10;0;$2,447.10;255.36
IN-2014-DK1289559-41697;2/27/2014;3/4/2014;Standard Class;DK-1289559;Dana Kaydos;Consumer;;Jakarta;Jakarta;Indonesia;TEC-CO-5991;$1,781.14;8;0.07;-$134.06;255.36
US-2013-CL1189018-41459;7/4/2013;7/4/2013;Same Day;CL-1189018;Carl Ludwig;Consumer;;Açu;Rio Grande do Norte;Brazil;TEC-PH-5839;$1,363.20;8;0.6;-$1,806.24;255.173
ES-2013-CA12265139-41506;8/20/2013;8/24/2013;Standard Class;CA-12265139;Christina Anderson;Consumer;;Colchester;England;United Kingdom;FUR-CH-4531;$3,315.27;7;0;$961.38;254.92
CA-2015-AH10120140-42309;11/1/2015;11/5/2015;Standard Class;AH-101201402;Adrian Hane;Home Office;75217;Dallas;Texas;United States;OFF-AR-5331;$5.25;2;0.2;$0.59;1.26
ES-2013-DB1297045-41458;7/3/2013;7/7/2013;Standard Class;DB-1297045;Darren Budd;Corporate;;Montpellier;Languedoc-Roussillon-Midi-Pyrénées;France;TEC-MA-5546;$2,123.03;8;0.15;$124.79;254.54
ES-2015-PC1900048-42337;11/29/2015;12/4/2015;Standard Class;PC-1900048;Pauline Chand;Home Office;;Wetzlar;Hesse;Germany;TEC-CO-6011;$2,478.84;7;0;$272.58;254.47
IN-2012-VS218207-41006;4/7/2012;4/12/2012;Standard Class;VS-218207;Vivek Sundaresam;Consumer;;Perth;Western Australia;Australia;OFF-AP-4736;$1,894.54;4;0.1;$505.18;254.37
CA-2015-AS10135140-42328;11/20/2015;11/23/2015;First Class;AS-101351406;Adrian Shami;Home Office;10035;New York City;New York;United States;OFF-BI-3307;$41.28;6;0.2;$13.93;7.14
CA-2013-AS13523-41403;5/9/2013;5/13/2013;Standard Class;AS-13523;Adrian Shami;Home Office;;Edmonton;Alberta;Canada;OFF-ST-5695;$187.02;6;0;$26.10;6.96
IN-2013-JR1567027-41597;11/19/2013;11/23/2013;Standard Class;JR-1567027;Jim Radford;Consumer;;Shashi;Hubei;China;TEC-CO-3678;$1,317.90;5;0;$0.00;253.95
ES-2015-NF1847548-42248;9/1/2015;9/1/2015;Same Day;NF-1847548;Neil Französisch;Home Office;;Moers;North Rhine-Westphalia;Germany;TEC-CO-4574;$1,350.09;7;0;$256.41;253.73
IN-2014-MF1766527-41947;11/4/2014;11/8/2014;Second Class;MF-1766527;Maureen Fritzler;Corporate;;Chaoyang;Jilin;China;TEC-MA-4205;$1,839.18;7;0;$238.98;253.5
CA-2015-AS10135140-42328;11/20/2015;11/23/2015;First Class;AS-101351406;Adrian Shami;Home Office;10035;New York City;New York;United States;OFF-PA-6448;$13.36;2;0;$6.41;2.31
ES-2014-EB13930139-41962;11/19/2014;11/24/2014;Standard Class;EB-13930139;Eric Barreto;Consumer;;Rugby;England;United Kingdom;TEC-PH-5355;$1,908.18;3;0;$820.44;253.26
MX-2015-EB1397518-42369;12/31/2015;1/3/2016;Second Class;EB-1397518;Erica Bern;Corporate;;São Paulo;São Paulo;Brazil;TEC-CO-3707;$1,264.47;5;0.002;$301.47;253.254
CA-2014-AS10135140-41957;11/14/2014;11/20/2014;Standard Class;AS-101351404;Adrian Shami;Home Office;98002;Auburn;Washington;United States;FUR-FU-4070;$4.18;1;0;$1.50;1.18
ES-2013-JH1582048-41306;2/1/2013;2/4/2013;First Class;JH-1582048;John Huston;Consumer;;Hamburg;Hamburg;Germany;TEC-PH-5836;$965.16;7;0;$463.26;253.09
IT-2014-MV1748545-41717;3/19/2014;3/19/2014;Same Day;MV-1748545;Mark Van Huff;Consumer;;Saint-Chamond;Auvergne-Rhône-Alpes;France;OFF-ST-4267;$748.12;4;0.1;$282.52;253.03
ES-2013-JW1595545-41354;3/21/2013;3/23/2013;Second Class;JW-1595545;Joni Wasserman;Consumer;;Fontenay-aux-Roses;Ile-de-France;France;FUR-BO-5953;$943.87;7;0.1;$209.71;252.9
IN-2015-LA1678027-42148;5/24/2015;5/29/2015;Second Class;LA-1678027;Laura Armstrong;Corporate;;Baotou;Inner Mongolia;China;FUR-BO-3901;$1,447.44;4;0;$43.32;252.36
ES-2014-FM1421564-41804;6/14/2014;6/16/2014;First Class;FM-1421564;Filia McAdams;Corporate;;Prato;Tuscany;Italy;TEC-AC-3402;$1,552.50;6;0;$62.10;252.17
CA-2012-AB10150140-40972;3/4/2012;3/7/2012;Second Class;AB-101501406;Aimee Bixby;Consumer;10701;Yonkers;New York;United States;TEC-AC-5140;$479.97;3;0;$177.59;55.01
CA-2012-AB10150140-40972;3/4/2012;3/7/2012;Second Class;AB-101501406;Aimee Bixby;Consumer;10701;Yonkers;New York;United States;OFF-PA-6441;$97.82;2;0;$45.98;10.13
CA-2012-AB10150140-40972;3/4/2012;3/7/2012;Second Class;AB-101501406;Aimee Bixby;Consumer;10701;Yonkers;New York;United States;OFF-AR-5325;$59.52;3;0;$15.48;8.02
MX-2014-MC1757518-41982;12/9/2014;12/11/2014;Second Class;MC-1757518;Matt Collins;Consumer;;Joinville;Santa Catarina;Brazil;FUR-CH-4654;$919.26;3;0;$266.58;251.57
MX-2014-MC1763582-41921;10/9/2014;10/14/2014;Standard Class;MC-1763582;Matthew Clasen;Corporate;;Mexico City;Distrito Federal;Mexico;TEC-PH-3806;$3,045.84;7;0;$1,035.58;251.052
IN-2014-CR126257-41928;10/16/2014;10/18/2014;First Class;CR-126257;Corey Roper;Home Office;;Canberra;Australian Capital Territory;Australia;TEC-PH-3149;$766.87;2;0.4;$114.97;250.36
MO-2012-JF541586-41266;12/23/2012;12/27/2012;Second Class;JF-541586;Jennifer Ferguson;Consumer;;Casablanca;Grand Casablanca;Morocco;FUR-TA-3342;$2,880.18;6;0;$115.20;250.06
MX-2014-AH1021018-41745;4/16/2014;4/19/2014;First Class;AH-1021018;Alan Hwang;Consumer;;Colombo;Parana;Brazil;OFF-AP-4736;$1,403.36;4;0;$449.04;250.029
US-2012-LH1675036-41129;8/8/2012;8/8/2012;Same Day;LH-1675036;Larry Hughes;Consumer;;Santo Domingo;Santo Domingo;Dominican Republic;OFF-AP-4743;$1,819.10;6;0.2;$500.18;249.639
CA-2012-AB10150140-40972;3/4/2012;3/7/2012;Second Class;AB-101501406;Aimee Bixby;Consumer;10701;Yonkers;New York;United States;OFF-BI-4378;$49.63;6;0.2;$16.75;7.52
IN-2012-PO1919527-41200;10/18/2012;10/23/2012;Standard Class;PO-1919527;Phillina Ober;Home Office;;Jining;Shandong;China;FUR-TA-3413;$2,018.33;9;0.3;-$576.91;248.91
IN-2012-MG1820558-40962;2/23/2012;2/26/2012;First Class;MG-1820558;Mitch Gastineau;Corporate;;Thane;Maharashtra;India;FUR-BO-4850;$2,065.50;5;0;$41.25;248.81
IN-2012-BM1178527-40977;3/9/2012;3/11/2012;First Class;BM-1178527;Bryan Mills;Consumer;;Zhenjiang;Jiangsu;China;TEC-CO-3598;$1,274.16;4;0;$382.20;248.59
IN-2015-KD1634558-42029;1/25/2015;1/29/2015;Standard Class;KD-1634558;Katherine Ducich;Consumer;;Surat;Gujarat;India;FUR-BO-4849;$2,485.62;6;0;$795.24;248.41
IT-2015-TS21610139-42173;6/18/2015;6/18/2015;Same Day;TS-21610139;Troy Staebel;Consumer;;York;England;United Kingdom;OFF-AP-3576;$1,560.24;3;0;$421.20;247.99
IN-2012-AR1051027-41266;12/23/2012;12/29/2012;Standard Class;AR-1051027;Andrew Roberts;Consumer;;Jining;Inner Mongolia;China;TEC-PH-3807;$3,271.20;5;0;$1,341.15;247.7
US-2014-PG1889582-41647;1/8/2014;1/11/2014;Second Class;PG-1889582;Paul Gonzalez;Consumer;;Mérida;Yucatán;Mexico;FUR-CH-5443;$751.49;3;0.2;-$112.75;246.726
MX-2014-LC1705051-41643;1/4/2014;1/10/2014;Standard Class;LC-1705051;Liz Carlisle;Consumer;;Villa Nueva;Guatemala;Guatemala;TEC-PH-5841;$2,120.80;5;0;$275.70;246.387
ES-2015-DJ1342045-42035;1/31/2015;2/4/2015;Standard Class;DJ-1342045;Denny Joy;Corporate;;Annecy-le-Vieux;Auvergne-Rhône-Alpes;France;TEC-MA-5547;$2,102.83;8;0.15;$321.55;246.17
ES-2012-HK1489045-41216;11/3/2012;11/5/2012;Second Class;HK-1489045;Heather Kirkland;Corporate;;Drancy;Ile-de-France;France;TEC-MA-5020;$820.49;8;0.15;$183.29;246.09
CA-2015-AB10150140-42252;9/5/2015;9/9/2015;Standard Class;AB-101501406;Aimee Bixby;Consumer;11561;Long Beach;New York;United States;TEC-AC-6341;$91.96;4;0;$39.54;6.44
TZ-2014-HH5010129-41906;9/24/2014;9/24/2014;Same Day;HH-5010129;Hilary Holden;Corporate;;Dar es Salaam;Dar Es Salaam;Tanzania;OFF-AP-4490;$553.44;8;0;$16.56;246.05
IN-2012-RR193157-41081;6/21/2012;6/26/2012;Standard Class;RR-193157;Ralph Ritter;Consumer;;Gold Coast;Queensland;Australia;TEC-CO-3596;$1,718.17;6;0.1;$610.81;246.05
ES-2013-SH2063548-41516;8/30/2013;9/2/2013;Second Class;SH-2063548;Stefanie Holloman;Corporate;;Nuremberg;Bavaria;Germany;FUR-TA-5057;$2,794.25;5;0.35;$515.75;245.86
ES-2014-SV2078545-41807;6/17/2014;6/19/2014;First Class;SV-2078545;Stewart Visinsky;Consumer;;Antony;Ile-de-France;France;FUR-CH-5380;$1,242.54;3;0.1;$345.15;245.83
CA-2015-AB10150140-42328;11/20/2015;11/22/2015;Second Class;AB-101501402;Aimee Bixby;Consumer;75007;Carrollton;Texas;United States;OFF-AR-3551;$99.14;4;0.2;$8.67;4.31
IN-2013-DV1346527-41626;12/18/2013;12/22/2013;Second Class;DV-1346527;Dianna Vittorini;Consumer;;Macheng;Hubei;China;TEC-PH-5355;$1,274.70;2;0;$165.66;245.57
MO-2014-RP985586-41907;9/25/2014;10/1/2014;Standard Class;RP-985586;Roy Phan;Corporate;;Beni Mellal;Tadla-Azilal;Morocco;TEC-AC-3405;$1,553.76;6;0;$730.26;245.57
MX-2015-NF1838582-42087;3/24/2015;3/28/2015;Standard Class;NF-1838582;Natalie Fritzler;Consumer;;Juárez;Chihuahua;Mexico;FUR-TA-3359;$2,205.57;8;0.2;$689.09;245.067
CA-2014-AB10150140-41670;1/31/2014;2/2/2014;Second Class;AB-101501402;Aimee Bixby;Consumer;75220;Dallas;Texas;United States;OFF-PA-6553;$15.55;3;0.2;$5.44;3.66
ES-2012-LR1703548-41245;12/2/2012;12/2/2012;Same Day;LR-1703548;Lisa Ryan;Corporate;;Hamburg;Hamburg;Germany;TEC-PH-5269;$3,227.70;5;0;$742.35;244.67
IN-2015-DR1294058-42152;5/28/2015;6/1/2015;Standard Class;DR-1294058;Daniel Raglin;Home Office;;Madurai;Tamil Nadu;India;FUR-CH-5441;$1,395.00;3;0;$237.15;244.5
ES-2015-AF1087048-42169;6/14/2015;6/17/2015;Second Class;AF-1087048;Art Ferguson;Consumer;;Dortmund;North Rhine-Westphalia;Germany;FUR-TA-3348;$2,291.84;7;0.35;-$1,128.44;244.3
CF-2012-IM5055106-41224;11/11/2012;11/15/2012;Standard Class;IM-5055106;Ionia McGrath;Consumer;;Loubomo;Niari;Republic of the Congo;FUR-BO-3625;$1,660.80;4;0;$83.04;244.07
ID-2014-VG2180527-41790;5/31/2014;6/5/2014;Standard Class;VG-2180527;Vivek Grady;Corporate;;Jiangmen;Guangdong;China;FUR-TA-3765;$2,436.67;4;0.3;-$487.37;244.03
CA-2012-AB10150140-40972;3/4/2012;3/7/2012;Second Class;AB-101501406;Aimee Bixby;Consumer;10701;Yonkers;New York;United States;OFF-SU-2972;$18.62;2;0;$5.40;1.91
RS-2012-AS285108-41137;8/16/2012;8/18/2012;First Class;AS-285108;Alejandro Savely;Corporate;;Kaliningrad;Kaliningrad;Russia;FUR-CH-4558;$954.60;10;0;$152.70;243.85
MX-2013-DK1298539-41339;3/6/2013;3/11/2013;Standard Class;DK-1298539;Darren Koutras;Consumer;;Mejicanos;San Salvador;El Salvador;OFF-AP-4966;$1,903.00;5;0;$57.00;243.793
CA-2015-AB10150140-42328;11/20/2015;11/22/2015;Second Class;AB-101501402;Aimee Bixby;Consumer;75007;Carrollton;Texas;United States;OFF-PA-6453;$16.90;4;0.2;$5.28;1.85
ES-2015-RW1954096-42222;8/6/2015;8/6/2015;Same Day;RW-1954096;Rick Wilson;Corporate;;Kristiansand;Vest-Agder;Norway;TEC-CO-3596;$1,590.90;5;0;$508.95;243.57
IZ-2015-EH418561-42173;6/18/2015;6/21/2015;First Class;EH-418561;Evan Henry;Consumer;;Ad Diwaniyah;Al Qadisiyah;Iraq;FUR-BO-3640;$1,467.36;4;0;$469.44;243.14
IN-2015-ML1739559-42369;12/31/2015;1/1/2016;First Class;ML-1739559;Marina Lichtenstein;Corporate;;Jakarta;Jakarta;Indonesia;FUR-BO-5787;$1,091.28;3;0.07;$46.92;243.11
MX-2013-BF1121593-41541;9/24/2013;9/28/2013;Second Class;BF-1121593;Benjamin Farhat;Home Office;;Managua;Managua;Nicaragua;TEC-CO-3609;$2,014.36;8;0.002;$419.80;243.059
CG-2014-MB730533-41688;2/18/2014;2/23/2014;Second Class;MB-730533;Maria Bertelson;Consumer;;Kinshasa;Kinshasa;Democratic Republic of the Congo;FUR-TA-3777;$3,877.68;8;0;$930.48;242.9
CA-2015-AB10150140-42328;11/20/2015;11/22/2015;Second Class;AB-101501402;Aimee Bixby;Consumer;75007;Carrollton;Texas;United States;OFF-SU-2971;$6.67;1;0.2;$0.50;1.74
CA-2015-AB10150140-42328;11/20/2015;11/22/2015;Second Class;AB-101501402;Aimee Bixby;Consumer;75007;Carrollton;Texas;United States;FUR-FU-6223;$15.99;2;0.6;-$13.99;1.54
IN-2015-KN164507-42332;11/24/2015;11/26/2015;First Class;KN-164507;Kean Nguyen;Corporate;;Perth;Western Australia;Australia;TEC-PH-3147;$2,863.35;5;0.1;$858.90;242.57
IN-2015-HR14770102-42270;9/23/2015;9/29/2015;Standard Class;HR-14770102;Hallie Redmond;Home Office;;Marikina;National Capital;Philippines;FUR-CH-4531;$2,841.66;8;0.25;$189.42;242.38
ES-2015-CK1276045-42312;11/4/2015;11/7/2015;First Class;CK-1276045;Cyma Kinney;Corporate;;Bayonne;Aquitaine-Limousin-Poitou-Charentes;France;TEC-MA-6140;$765.46;3;0.15;-$36.08;242.18
IN-2015-PB192107-42248;9/1/2015;9/4/2015;First Class;PB-192107;Phillip Breyer;Corporate;;Wollongong;New South Wales;Australia;OFF-AP-4738;$1,887.84;4;0.1;$0.00;241.89
CA-2013-AB10150140-41527;9/10/2013;9/15/2013;Standard Class;AB-101501402;Aimee Bixby;Consumer;74133;Tulsa;Oklahoma;United States;OFF-PA-6508;$14.94;3;0;$7.02;1.52
CA-2014-AB16523-41660;1/21/2014;1/21/2014;Same Day;AB-16523;Alan Barnes;Consumer;;Hamilton;Ontario;Canada;OFF-AR-3475;$410.88;8;0;$78.00;59.79
MX-2015-AA1048031-42111;4/17/2015;4/20/2015;Second Class;AA-1048031;Andrew Allen;Consumer;;San José de las Lajas;Mayabeque;Cuba;OFF-AP-4508;$1,801.60;5;0;$180.10;241.537
IT-2014-EB1384045-41706;3/8/2014;3/8/2014;Same Day;EB-1384045;Ellis Ballard;Corporate;;Montreuil;Ile-de-France;France;TEC-PH-3785;$779.28;5;0.15;-$0.12;241.34
AG-2012-RO97803-40964;2/25/2012;2/25/2012;Same Day;RO-97803;Rose O'Brian;Consumer;;Algiers;Alger;Algeria;TEC-MA-4197;$613.26;2;0;$202.32;241.33
CA-2013-AB10165140-41361;3/28/2013;4/2/2013;Standard Class;AB-101651404;Alan Barnes;Consumer;90036;Los Angeles;California;United States;TEC-AC-4870;$166.24;1;0;$24.94;17.4
IN-2015-MR175457-42263;9/16/2015;9/20/2015;Second Class;MR-175457;Mathew Reese;Home Office;;Wollongong;New South Wales;Australia;FUR-CH-4656;$1,837.56;4;0;$275.52;240.32
ES-2014-SP2092064-41828;7/8/2014;7/11/2014;First Class;SP-2092064;Susan Pistek;Consumer;;Bologna;Emilia-Romagna;Italy;OFF-AP-4743;$3,979.29;7;0;$1,989.54;240.17
CA-2013-AB10165140-41450;6/25/2013;7/1/2013;Standard Class;AB-101651404;Alan Barnes;Consumer;90045;Los Angeles;California;United States;OFF-ST-6293;$304.23;3;0;$9.13;11.27
MX-2014-AH1046593-42004;12/31/2014;1/1/2015;First Class;AH-1046593;Amy Hunt;Consumer;;León;León;Nicaragua;TEC-CO-4792;$1,198.30;5;0.002;$165.60;240.092
CA-2015-AB10165140-42263;9/16/2015;9/21/2015;Standard Class;AB-101651408;Alan Barnes;Consumer;37087;Lebanon;Tennessee;United States;OFF-PA-6443;$163.96;5;0.2;$59.44;7.84
IN-2015-AH105857-42033;1/29/2015;2/2/2015;Standard Class;AH-105857;Angele Hood;Consumer;;Townsville;Queensland;Australia;FUR-BO-4849;$1,864.22;5;0.1;$455.57;239.83
TU-2012-CV2805134-41159;9/7/2012;9/9/2012;Second Class;CV-2805134;Cynthia Voltz;Corporate;;Istanbul;Istanbul;Turkey;FUR-CH-4530;$1,142.64;6;0.6;-$571.32;239.71
IT-2015-JK1532545-42052;2/17/2015;2/21/2015;Standard Class;JK-1532545;Jason Klamczynski;Corporate;;Marseille;Provence-Alpes-Côte d'Azur;France;FUR-BO-3904;$1,630.80;5;0.1;$18.00;239.69
LH-2013-RB943575-41424;5/30/2013;6/2/2013;First Class;RB-943575;Richard Bierner;Consumer;;Kaunas;Kaunas;Lithuania;TEC-PH-3805;$1,172.66;6;0.7;-$1,172.74;239.69
IR-2014-AG52560-41641;1/2/2014;1/4/2014;Second Class;AG-52560;Andy Gerbode;Corporate;;Ardabil;Ardabil;Iran;TEC-PH-5264;$2,021.88;14;0;$323.40;239.62
MX-2013-AR1034582-41601;11/23/2013;11/25/2013;First Class;AR-1034582;Alex Russell;Corporate;;Mexicali;Baja California;Mexico;FUR-BO-5786;$836.93;4;0.2;$230.13;239.217
SA-2015-MW8220110-42105;4/11/2015;4/17/2015;Standard Class;MW-8220110;Mitch Webber;Consumer;;Mecca;Makkah;Saudi Arabia;TEC-PH-3806;$1,302.78;2;0;$286.56;239.04
EG-2013-AH21038-41489;8/3/2013;8/7/2013;Standard Class;AH-21038;Alan Hwang;Consumer;;Alexandria;Al Iskandariyah;Egypt;OFF-AP-3578;$2,243.88;4;0;$246.72;238.95
IN-2015-FC142457-42326;11/18/2015;11/22/2015;Second Class;FC-142457;Frank Carlisle;Home Office;;Queanbeyan;New South Wales;Australia;TEC-PH-3152;$1,221.56;11;0.1;$325.61;238.9
IN-2012-ML1741027-41255;12/12/2012;12/16/2012;Standard Class;ML-1741027;Maris LaWare;Consumer;;Guilin;Guangxi;China;OFF-AP-3875;$1,609.29;3;0;$241.38;238.76
ID-2015-TH212357-42175;6/20/2015;6/23/2015;Second Class;TH-212357;Tiffany House;Corporate;;Sydney;New South Wales;Australia;TEC-CO-6000;$1,596.51;6;0.1;-$53.37;238.52
CA-2015-AB10165140-42109;4/15/2015;4/18/2015;First Class;AB-101651406;Alan Barnes;Consumer;43615;Toledo;Ohio;United States;OFF-AR-5929;$89.86;3;0.2;$21.34;5.26
IN-2014-TW2102527-41780;5/21/2014;5/25/2014;Standard Class;TW-2102527;Tamara Willingham;Home Office;;Gaomi;Shandong;China;TEC-CO-5994;$2,018.88;12;0;$928.44;238.34
SF-2015-LT7110117-42280;10/3/2015;10/7/2015;Standard Class;LT-7110117;Liz Thompson;Consumer;;Pretoria;Gauteng;South Africa;TEC-MA-5503;$1,885.32;6;0;$18.72;238.23
IT-2012-KN16390139-41268;12/25/2012;12/30/2012;Standard Class;KN-16390139;Katherine Nockton;Corporate;;Blackpool;England;United Kingdom;FUR-TA-3759;$3,119.34;7;0;$1,528.38;238.03
ES-2015-HD1478548-42271;9/24/2015;10/1/2015;Standard Class;HD-1478548;Harold Dahlen;Home Office;;Schwerin;Mecklenburg-Vorpommern;Germany;FUR-BO-3903;$1,964.25;6;0.1;$21.69;237.78
CA-2013-AB10165140-41450;6/25/2013;7/1/2013;Standard Class;AB-101651404;Alan Barnes;Consumer;90045;Los Angeles;California;United States;OFF-BI-4373;$88.75;3;0.2;$27.74;4.77
ID-2015-BE114557-42242;8/26/2015;8/28/2015;First Class;BE-114557;Brad Eason;Home Office;;Gold Coast;Queensland;Australia;FUR-CH-4656;$1,653.80;6;0.4;-$689.26;237.38
SA-2015-MC7575110-42326;11/18/2015;11/21/2015;Second Class;MC-7575110;Matt Collins;Consumer;;Jeddah;Makkah;Saudi Arabia;TEC-MA-5548;$621.00;2;0;$180.06;237.28
IN-2013-CS1246058-41609;12/1/2013;12/7/2013;Standard Class;CS-1246058;Chuck Sachs;Consumer;;Aligarh;Uttar Pradesh;India;TEC-CO-5997;$2,673.81;9;0;$26.73;237.05
ES-2015-ME1732064-42253;9/6/2015;9/6/2015;Same Day;ME-1732064;Maria Etezadi;Home Office;;Trento;Trentino-Alto Adige;Italy;FUR-BO-5951;$1,307.97;3;0;$536.22;236.79
IT-2015-SW2027564-42277;9/30/2015;10/2/2015;First Class;SW-2027564;Scott Williamson;Consumer;;Ravenna;Emilia-Romagna;Italy;TEC-PH-5841;$1,145.23;3;0.4;-$706.25;236.69
CA-2015-AB10165140-42094;3/31/2015;4/2/2015;Second Class;AB-101651404;Alan Barnes;Consumer;90712;Lakewood;California;United States;FUR-FU-4329;$94.20;5;0;$39.56;4.69
MX-2013-CR1282051-41543;9/26/2013;9/28/2013;First Class;CR-1282051;Cyra Reiten;Home Office;;Mixco;Guatemala;Guatemala;TEC-CO-6009;$1,902.11;8;0.002;$872.83;236.564
ES-2015-HM14860125-42368;12/30/2015;1/2/2016;First Class;HM-14860125;Harry Marie;Corporate;;Basel;Basel-Stadt;Switzerland;TEC-CO-3685;$1,913.40;10;0;$899.10;236.49
MZ-2015-CC247587-42024;1/20/2015;1/25/2015;Second Class;CC-247587;Cindy Chapman;Consumer;;Matola;Maputo;Mozambique;FUR-CH-5776;$1,854.72;4;0;$778.92;236.26
ES-2014-JM1525045-41835;7/15/2014;7/18/2014;Second Class;JM-1525045;Janet Martin;Consumer;;Poitiers;Aquitaine-Limousin-Poitou-Charentes;France;FUR-CH-5443;$2,958.98;7;0.1;$953.27;236.23
ID-2012-PS18970118-40967;2/28/2012;3/2/2012;First Class;PS-18970118;Paul Stevenson;Home Office;;Seoul;Seoul;South Korea;OFF-AP-4508;$810.72;3;0.5;-$599.94;236.16
ES-2015-CM1219045-42094;3/31/2015;3/31/2015;Same Day;CM-1219045;Charlotte Melton;Consumer;;Mulhouse;Alsace-Champagne-Ardenne-Lorraine;France;FUR-BO-3889;$2,953.58;8;0.1;$754.70;236.13
ES-2014-QJ1925564-41793;6/3/2014;6/6/2014;Second Class;QJ-1925564;Quincy Jones;Corporate;;Milan;Lombardy;Italy;OFF-AP-3574;$2,593.80;5;0;$1,141.20;236.06
IN-2014-TS2150559-41703;3/5/2014;3/12/2014;Standard Class;TS-2150559;Tony Sayre;Consumer;;Jakarta;Jakarta;Indonesia;OFF-AP-3871;$2,051.01;5;0.17;$667.11;235.88
US-2012-AB10165140-41228;11/15/2012;11/19/2012;Standard Class;AB-101651402;Alan Barnes;Consumer;62521;Decatur;Illinois;United States;FUR-CH-5790;$37.30;2;0.3;-$1.07;4.4
ES-2015-CS118608-42292;10/15/2015;10/17/2015;Second Class;CS-118608;Cari Schnelling;Consumer;;Vienna;Vienna;Austria;TEC-CO-3587;$1,318.65;5;0;$567.00;235.46
IN-2012-KM1672078-41051;5/22/2012;5/22/2012;Same Day;KM-1672078;Kunst Miller;Consumer;;Kota Kinabalu;Sabah;Malaysia;TEC-PH-5844;$1,120.77;9;0;$55.89;235.28
CA-2013-AB10165140-41404;5/10/2013;5/15/2013;Standard Class;AB-101651404;Alan Barnes;Consumer;80027;Louisville;Colorado;United States;TEC-AC-3407;$46.69;4;0.2;-$2.92;4.29
MX-2015-SB2018518-42245;8/29/2015;9/3/2015;Second Class;SB-2018518;Sarah Brown;Consumer;;Uberaba;Minas Gerais;Brazil;OFF-AP-4966;$3,044.80;8;0;$91.20;235.076
ES-2015-MT1807045-42176;6/21/2015;6/22/2015;First Class;MT-1807045;Michelle Tran;Home Office;;Rueil-Malmaison;Ile-de-France;France;FUR-BO-3902;$656.86;2;0.1;$94.84;234.96
ES-2015-JF15415139-42132;5/8/2015;5/13/2015;Second Class;JF-15415139;Jennifer Ferguson;Consumer;;Crawley;England;United Kingdom;TEC-CO-4790;$2,518.95;7;0;$1,032.57;234.85
NI-2014-MT807095-41870;8/19/2014;8/20/2014;First Class;MT-807095;Michelle Tran;Home Office;;Makurdi;Benue;Nigeria;FUR-CH-5776;$1,669.25;12;0.7;-$1,558.15;234.85
ES-2014-ES14020120-41817;6/27/2014;6/27/2014;Same Day;ES-14020120;Erica Smith;Consumer;;Madrid;Madrid;Spain;FUR-BO-3627;$2,476.08;6;0;$1,015.02;234.79
EN-2012-AB60042-40932;1/24/2012;1/24/2012;Same Day;AB-60042;Ann Blume;Corporate;;Tallinn;Harjumaa;Estonia;TEC-PH-3806;$1,302.78;2;0;$286.56;234.73
CA-2013-AB10165140-41361;3/28/2013;4/2/2013;Standard Class;AB-101651404;Alan Barnes;Consumer;90036;Los Angeles;California;United States;OFF-PA-6534;$33.40;5;0;$16.03;2.25
IN-2015-PS189707-42342;12/4/2015;12/8/2015;Standard Class;PS-189707;Paul Stevenson;Home Office;;Hobart;Tasmania;Australia;FUR-TA-4713;$2,125.32;4;0;$148.68;234.67
ES-2014-EB13975139-41818;6/28/2014;7/4/2014;Standard Class;EB-13975139;Erica Bern;Corporate;;Swansea;Wales;United Kingdom;TEC-PH-3805;$1,954.44;3;0;$781.74;234.61
MX-2013-AF1087018-41418;5/24/2013;5/26/2013;Second Class;AF-1087018;Art Ferguson;Consumer;;Paranaguá;Parana;Brazil;TEC-PH-5268;$856.92;2;0;$222.76;234.28
IN-2015-MC1742559-42346;12/8/2015;12/14/2015;Standard Class;MC-1742559;Mark Cousins;Corporate;;Samarinda;Kalimantan Timur;Indonesia;TEC-PH-5842;$3,696.03;7;0.17;$756.87;234.16
IN-2013-CC1268558-41619;12/11/2013;12/15/2013;Standard Class;CC-1268558;Craig Carroll;Consumer;;Vijayawada;Andhra Pradesh;India;TEC-PH-3805;$1,302.96;2;0;$182.40;234.15
TU-2015-EH4125134-42068;3/5/2015;3/7/2015;First Class;EH-4125134;Eugene Hildebrand;Home Office;;Bandirma;Balikesir;Turkey;FUR-CH-4531;$1,136.66;6;0.6;-$880.96;234.15
IN-2014-BS116657-41815;6/25/2014;6/29/2014;Standard Class;BS-116657;Brian Stugart;Consumer;;Whyalla;South Australia;Australia;TEC-CO-3598;$1,720.12;6;0.1;$382.18;234.13
IN-2015-IM1507059-42157;6/2/2015;6/4/2015;First Class;IM-1507059;Irene Maddox;Consumer;;Bandung;Jawa Barat;Indonesia;TEC-AC-5223;$1,043.93;8;0.47;-$295.51;234.13
IV-2012-SM1032029-41178;9/26/2012;10/2/2012;Standard Class;SM-1032029;Sean Miller;Home Office;;Gagnoa;Fromager;Cote d'Ivoire;TEC-MA-5008;$1,253.76;4;0;$200.52;234.11
US-2014-DA1345055-41795;6/5/2014;6/9/2014;Second Class;DA-1345055;Dianna Arnett;Home Office;;Tegucigalpa;Francisco Morazán;Honduras;OFF-AP-3868;$2,180.24;11;0.4;-$690.54;234.043
ES-2014-DB1306045-41928;10/16/2014;10/18/2014;First Class;DB-1306045;Dave Brooks;Consumer;;Villiers-le-Bel;Ile-de-France;France;TEC-MA-6150;$1,306.47;6;0.15;$107.49;233.74
CA-2015-AB10165140-42344;12/6/2015;12/10/2015;Standard Class;AB-101651404;Alan Barnes;Consumer;98006;Bellevue;Washington;United States;OFF-BI-4378;$24.82;3;0.2;$8.38;2.02
CA-2013-AB10165140-41450;6/25/2013;7/1/2013;Standard Class;AB-101651404;Alan Barnes;Consumer;90045;Los Angeles;California;United States;OFF-FA-6129;$20.96;2;0;$5.24;1.56
MX-2015-LC1688582-42329;11/21/2015;11/22/2015;First Class;LC-1688582;Lena Creighton;Consumer;;Tlaquepaque;Jalisco;Mexico;FUR-TA-3777;$775.54;3;0.2;$213.22;232.836
ES-2013-TC2098045-41588;11/10/2013;11/13/2013;First Class;TC-2098045;Tamara Chand;Corporate;;Saint-Denis;Ile-de-France;France;FUR-TA-4692;$2,012.05;6;0.35;-$1,021.67;232.54
IN-2012-SW2035059-41067;6/7/2012;6/12/2012;Standard Class;SW-2035059;Sean Wendt;Home Office;;Depok;Jawa Barat;Indonesia;TEC-PH-3806;$2,166.90;4;0.17;$391.50;232.49
IN-2015-JW1522058-42101;4/7/2015;4/12/2015;Standard Class;JW-1522058;Jane Waco;Corporate;;Mangalore;Karnataka;India;TEC-PH-3807;$3,271.20;5;0;$1,341.15;232.45
MX-2012-DA1345031-41199;10/17/2012;10/20/2012;Second Class;DA-1345031;Dianna Arnett;Home Office;;Sancti Spíritus;Sancti Spíritus;Cuba;TEC-CO-3710;$755.81;3;0.002;$195.35;232.424
SF-2013-CM1830117-41389;4/25/2013;4/30/2013;Standard Class;CM-1830117;Cari MacIntyre;Corporate;;Johannesburg;Gauteng;South Africa;FUR-BO-3639;$2,182.68;6;0;$327.24;232.24
IN-2013-CS1184527-41517;8/31/2013;9/2/2013;Second Class;CS-1184527;Cari Sayre;Corporate;;Shenzhen;Guangdong;China;TEC-PH-5267;$1,285.56;2;0;$51.42;232.17
MX-2013-MO1780051-41382;4/18/2013;4/21/2013;Second Class;MO-1780051;Meg O'Connel;Home Office;;Villa Nueva;Guatemala;Guatemala;TEC-PH-3784;$1,479.36;12;0;$103.44;231.957
US-2014-CR1273018-41993;12/20/2014;12/22/2014;First Class;CR-1273018;Craig Reiter;Consumer;;Indaial;Santa Catarina;Brazil;FUR-TA-3420;$740.18;3;0.6;-$407.14;231.517
IT-2014-MY1738096-41794;6/4/2014;6/8/2014;Standard Class;MY-1738096;Maribeth Yedwab;Corporate;;Bergen;Hordaland;Norway;TEC-MA-4197;$1,533.15;5;0;$505.80;231.35
SA-2013-MS7830110-41450;6/25/2013;7/1/2013;Standard Class;MS-7830110;Melanie Seite;Consumer;;Riyadh;Ar Riyad;Saudi Arabia;FUR-TA-3352;$2,563.92;8;0;$820.32;231.32
IN-2013-SW207557-41502;8/16/2013;8/20/2013;Standard Class;SW-207557;Steven Ward;Corporate;;Newcastle;New South Wales;Australia;TEC-PH-5268;$2,897.91;5;0.1;$901.56;231.16
ID-2015-HG1496597-42230;8/14/2015;8/18/2015;Standard Class;HG-1496597;Henry Goldwyn;Corporate;;Lahore;Punjab;Pakistan;OFF-AP-4960;$1,582.11;6;0.5;-$886.05;231.11
CA-2015-AB10165140-42109;4/15/2015;4/18/2015;First Class;AB-101651406;Alan Barnes;Consumer;43615;Toledo;Ohio;United States;OFF-AR-6632;$14.59;3;0.2;$2.55;1.34
MX-2014-DC1328551-41885;9/3/2014;9/9/2014;Standard Class;DC-1328551;Debra Catini;Consumer;;Mixco;Guatemala;Guatemala;TEC-PH-3807;$2,616.96;6;0;$26.16;230.47
ES-2015-DL13315139-42153;5/29/2015;6/1/2015;Second Class;DL-13315139;Delfina Latchford;Consumer;;London;England;United Kingdom;FUR-TA-3432;$1,399.11;3;0.1;$108.78;230.35
ES-2014-TH21235125-41814;6/24/2014;7/1/2014;Standard Class;TH-21235125;Tiffany House;Corporate;;Lucerne;Lucerne;Switzerland;TEC-CO-4593;$3,421.71;9;0;$1,060.56;230.04
CA-2015-AB10165140-42109;4/15/2015;4/18/2015;First Class;AB-101651406;Alan Barnes;Consumer;43615;Toledo;Ohio;United States;OFF-PA-6516;$13.87;3;0.2;$5.03;1.21
MX-2015-JK15370100-42132;5/8/2015;5/10/2015;Second Class;JK-15370100;Jay Kimmel;Consumer;;Fernando de la Mora;Central;Paraguay;TEC-PH-5837;$820.08;9;0;$98.28;229.085
CA-2015-AB10165140-42344;12/6/2015;12/10/2015;Standard Class;AB-101651404;Alan Barnes;Consumer;98006;Bellevue;Washington;United States;OFF-BI-6634;$14.98;6;0.2;$5.43;1.15
IR-2015-CH207060-42048;2/13/2015;2/14/2015;First Class;CH-207060;Cathy Hwang;Home Office;;Malayer;Hamadan;Iran;FUR-BO-5953;$1,198.56;8;0;$359.52;228.94
ID-2015-ST205307-42336;11/28/2015;12/5/2015;Standard Class;ST-205307;Shui Tom;Consumer;;Bundaberg;Queensland;Australia;FUR-TA-3766;$1,832.61;3;0.3;-$445.11;228.89
ES-2013-SP2092048-41510;8/24/2013;8/29/2013;Standard Class;SP-2092048;Susan Pistek;Consumer;;Bochum;North Rhine-Westphalia;Germany;FUR-BO-3627;$1,857.06;5;0.1;$639.51;228.78
CG-2015-MH744033-42218;8/2/2015;8/8/2015;Standard Class;MH-744033;Mark Haberlin;Corporate;;Mbuji-mayi;Kasai-Oriental;Democratic Republic of the Congo;FUR-BO-5763;$1,752.60;4;0;$455.64;228.7
IN-2014-MC1784558-41971;11/28/2014;11/30/2014;Second Class;MC-1784558;Michael Chen;Consumer;;Gwalior;Madhya Pradesh;India;FUR-TA-3420;$1,850.46;2;0;$259.02;228.37
IN-2012-CS1184527-41139;8/18/2012;8/22/2012;Standard Class;CS-1184527;Cari Sayre;Corporate;;Luoyang;Fujian;China;FUR-CH-5442;$2,337.15;5;0;$1,098.45;228.16
ES-2015-PW19030139-42076;3/13/2015;3/13/2015;Same Day;PW-19030139;Pauline Webber;Corporate;;Southend-on-Sea;England;United Kingdom;FUR-BO-5960;$788.40;4;0;$291.60;228.13
ES-2014-BS1159045-41733;4/4/2014;4/7/2014;First Class;BS-1159045;Brendan Sweed;Corporate;;Thionville;Alsace-Champagne-Ardenne-Lorraine;France;TEC-MA-4195;$715.53;5;0.15;$100.98;227.85
CA-2015-AD10180140-42027;1/23/2015;1/28/2015;Standard Class;AD-101801404;Alan Dominguez;Home Office;59405;Great Falls;Montana;United States;TEC-CO-3690;$2,999.95;5;0;$1,379.98;121.36
IN-2015-DO1343558-42141;5/17/2015;5/22/2015;Second Class;DO-1343558;Denny Ordway;Consumer;;Srinagar;Jammu and Kashmir;India;FUR-TA-3431;$3,094.56;6;0;$1,423.44;227.67
MX-2014-SG2089051-41752;4/23/2014;4/25/2014;Second Class;SG-2089051;Susan Gilcrest;Corporate;;Villa Nueva;Guatemala;Guatemala;TEC-CO-3602;$882.03;9;0.002;$148.35;227.629
CA-2015-AD10180140-42027;1/23/2015;1/28/2015;Standard Class;AD-101801404;Alan Dominguez;Home Office;59405;Great Falls;Montana;United States;OFF-ST-6294;$1,126.02;3;0;$56.30;72.26
ID-2013-JC161057-41531;9/14/2013;9/16/2013;First Class;JC-161057;Julie Creighton;Corporate;;Gold Coast;Queensland;Australia;FUR-TA-5062;$953.82;3;0.3;-$81.81;227.19
IN-2015-VG2180558-42273;9/26/2015;9/28/2015;Second Class;VG-2180558;Vivek Grady;Corporate;;Thiruvananthapuram;Kerala;India;FUR-BO-3889;$2,871.54;7;0;$57.33;227.14
IN-2013-TB2119058-41552;10/5/2013;10/9/2013;Standard Class;TB-2119058;Thomas Brumley;Home Office;;Allahabad;Uttar Pradesh;India;TEC-PH-5842;$2,544.60;4;0;$865.08;226.81
ID-2015-KD1627059-42306;10/29/2015;10/31/2015;Second Class;KD-1627059;Karen Daniels;Consumer;;Bekasi;Jawa Barat;Indonesia;TEC-MA-5512;$886.14;4;0.17;$106.74;226.8
ID-2012-BM1114059-41235;11/22/2012;11/24/2012;First Class;BM-1114059;Becky Martin;Consumer;;Jakarta;Jakarta;Indonesia;TEC-MA-4210;$473.85;5;0.17;-$5.85;226.73
IV-2015-SV1078529-42348;12/10/2015;12/13/2015;Second Class;SV-1078529;Stewart Visinsky;Consumer;;Daloa;Haut-Sassandra;Cote d'Ivoire;TEC-CO-3602;$1,767.60;12;0;$0.00;226.68
MX-2012-AH1003082-41251;12/8/2012;12/9/2012;First Class;AH-1003082;Aaron Hawkins;Corporate;;Saltillo;Coahuila;Mexico;FUR-BO-4861;$780.61;4;0.2;-$0.03;226.629
US-2012-AD10180140-41268;12/25/2012;12/27/2012;Second Class;AD-101801402;Alan Dominguez;Home Office;77041;Houston;Texas;United States;FUR-CH-4400;$600.56;3;0.3;-$8.58;58.54
ES-2014-VP21760120-41990;12/17/2014;12/17/2014;Same Day;VP-21760120;Victoria Pisteka;Corporate;;Madrid;Madrid;Spain;OFF-AP-4506;$2,711.70;5;0;$1,220.25;226.25
ES-2015-EG13900139-42108;4/14/2015;4/18/2015;Standard Class;EG-13900139;Emily Grady;Consumer;;Woking;England;United Kingdom;OFF-AP-3571;$2,111.97;7;0;$190.05;225.84
ID-2015-TC21145102-42358;12/20/2015;12/24/2015;Standard Class;TC-21145102;Theresa Coyne;Corporate;;Baguio City;Cordillera;Philippines;FUR-CH-5457;$1,189.28;9;0.25;-$396.43;225.78
IN-2014-LR1691558-41899;9/17/2014;9/20/2014;First Class;LR-1691558;Lena Radford;Consumer;;Gorakhpur;Haryana;India;TEC-PH-5354;$1,908.45;3;0;$534.33;225.58
CA-2015-AD10180140-42340;12/2/2015;12/7/2015;Standard Class;AD-101801406;Alan Dominguez;Home Office;06824;Fairfield;Connecticut;United States;FUR-CH-4397;$897.15;3;0;$251.20;58.41
US-2015-AD10180140-42125;5/1/2015;5/6/2015;Standard Class;AD-101801404;Alan Dominguez;Home Office;94122;San Francisco;California;United States;OFF-PA-6471;$163.96;4;0;$80.34;7.09
ID-2013-TH21550130-41634;12/26/2013;12/28/2013;Second Class;TH-21550130;Tracy Hopkins;Home Office;;Bangkok;Bangkok;Thailand;FUR-TA-3341;$1,854.93;9;0.57;-$1,294.35;225.02
IN-2014-HD1478527-41923;10/11/2014;10/14/2014;First Class;HD-1478527;Harold Dahlen;Home Office;;Shanghai;Shanghai;China;TEC-MA-4199;$924.66;3;0;$397.53;225
ID-2013-TP2113027-41389;4/25/2013;4/27/2013;Second Class;TP-2113027;Theone Pippenger;Consumer;;Mianyang;Sichuan;China;FUR-TA-3349;$1,760.43;5;0.3;-$326.97;224.8
RS-2015-TC11145108-42178;6/23/2015;6/23/2015;Same Day;TC-11145108;Theresa Coyne;Corporate;;Magnitogorsk;Chelyabinsk;Russia;TEC-PH-5836;$827.28;6;0;$397.08;224.64
MX-2013-JL1523536-41606;11/28/2013;12/3/2013;Standard Class;JL-1523536;Janet Lee;Consumer;;Santo Domingo;Santo Domingo;Dominican Republic;OFF-AP-4745;$1,510.96;5;0.2;$509.86;224.281
IN-2015-DM1334558-42182;6/27/2015;7/2/2015;Second Class;DM-1334558;Denise Monton;Corporate;;Varanasi;Uttar Pradesh;India;TEC-CO-3588;$2,098.32;8;0;$860.16;224.28
MX-2015-RK1930018-42181;6/26/2015;6/28/2015;First Class;RK-1930018;Ralph Kennedy;Consumer;;Serra;Espírito Santo;Brazil;FUR-TA-3344;$1,938.24;4;0.2;-$96.96;223.805
ES-2013-CC1267064-41534;9/17/2013;9/19/2013;First Class;CC-1267064;Craig Carreira;Consumer;;Florence;Tuscany;Italy;TEC-MA-5017;$803.52;5;0.4;-$495.63;223.78
IN-2014-TC2098058-41971;11/28/2014;12/2/2014;Standard Class;TC-2098058;Tamara Chand;Corporate;;Chennai;Tamil Nadu;India;FUR-CH-5773;$1,391.76;3;0;$97.38;223.52
CA-2015-AD10180140-42322;11/14/2015;11/19/2015;Second Class;AD-101801406;Alan Dominguez;Home Office;10701;Yonkers;New York;United States;TEC-AC-4939;$163.96;4;0;$70.50;4.96
ID-2015-CM123857-42208;7/23/2015;7/25/2015;Second Class;CM-123857;Christopher Martinez;Consumer;;Adelaide;South Australia;Australia;OFF-ST-5700;$952.29;5;0.1;-$53.01;223.43
ES-2015-BG1103564-42251;9/4/2015;9/8/2015;Standard Class;BG-1103564;Barry Gonzalez;Consumer;;Pescara;Abruzzi;Italy;FUR-BO-4861;$2,927.28;8;0;$146.16;223.41
CA-2013-AD10180140-41439;6/14/2013;6/18/2013;Standard Class;AD-101801406;Alan Dominguez;Home Office;19120;Philadelphia;Pennsylvania;United States;FUR-FU-4051;$51.07;6;0.2;$5.11;1.94
CA-2015-AD10180140-42027;1/23/2015;1/28/2015;Standard Class;AD-101801404;Alan Dominguez;Home Office;59405;Great Falls;Montana;United States;OFF-ST-3059;$51.45;3;0;$13.89;1.84
CA-2015-AD10180140-42340;12/2/2015;12/7/2015;Standard Class;AD-101801406;Alan Dominguez;Home Office;06824;Fairfield;Connecticut;United States;OFF-PA-6577;$19.44;3;0;$9.33;1.82
IN-2015-MG1789097-42022;1/18/2015;1/22/2015;Standard Class;MG-1789097;Michael Granlund;Home Office;;Lahore;Punjab;Pakistan;OFF-AP-3572;$2,117.22;14;0.5;-$1,736.28;223.13
ID-2015-MM1726078-42181;6/26/2015;7/1/2015;Standard Class;MM-1726078;Magdelene Morse;Consumer;;Kuala Lumpur;Kuala Lumpur;Malaysia;FUR-CH-5379;$2,747.70;6;0;$82.26;222.78
IN-2013-TG2164078-41299;1/25/2013;1/25/2013;Same Day;TG-2164078;Trudy Glocke;Consumer;;Kuantan;Pahang;Malaysia;FUR-BO-4845;$1,014.72;7;0;$141.96;222.52
IN-2013-CC1237011-41462;7/7/2013;7/12/2013;Second Class;CC-1237011;Christopher Conant;Consumer;;Chittagong;Chittagong;Bangladesh;TEC-PH-5270;$1,591.56;12;0;$79.56;222.4
MX-2012-SC2084582-41240;11/27/2012;11/29/2012;First Class;SC-2084582;Sung Chung;Consumer;;Monclova;Coahuila;Mexico;TEC-MA-5571;$533.22;3;0;$69.30;222.045
MX-2015-PS1904518-42335;11/27/2015;12/1/2015;Second Class;PS-1904518;Penelope Sewall;Home Office;;São Paulo;São Paulo;Brazil;TEC-PH-5355;$2,124.50;5;0;$488.60;221.92
ID-2013-CB1202559-41615;12/7/2013;12/9/2013;First Class;CB-1202559;Cassandra Brandow;Consumer;;Jakarta;Jakarta;Indonesia;OFF-ST-5700;$1,053.87;6;0.17;-$152.49;221.64
CA-2012-AD10180140-41231;11/18/2012;11/21/2012;Second Class;AD-101801406;Alan Dominguez;Home Office;19134;Philadelphia;Pennsylvania;United States;OFF-PA-2856;$5.88;1;0.2;$1.98;1.76
ES-2013-BT11395139-41625;12/17/2013;12/21/2013;Standard Class;BT-11395139;Bill Tyler;Corporate;;Worthing;England;United Kingdom;TEC-MA-5546;$1,248.84;4;0;$249.72;221.58
MX-2014-SJ2050051-41962;11/19/2014;11/25/2014;Standard Class;SJ-2050051;Shirley Jackson;Consumer;;Mixco;Guatemala;Guatemala;FUR-BO-5950;$2,040.92;7;0;$959.14;221.048
IT-2015-MC1784545-42249;9/2/2015;9/4/2015;Second Class;MC-1784545;Michael Chen;Consumer;;Paris;Ile-de-France;France;OFF-ST-4078;$1,068.71;6;0.1;-$0.13;220.97
MX-2015-MG1820518-42140;5/16/2015;5/16/2015;Same Day;MG-1820518;Mitch Gastineau;Corporate;;Lençóis Paulista;São Paulo;Brazil;FUR-BO-5760;$875.22;3;0;$139.98;220.767
IN-2014-RA199157-41948;11/5/2014;11/9/2014;Standard Class;RA-199157;Russell Applegate;Consumer;;Coffs Harbour;New South Wales;Australia;TEC-AC-4187;$1,403.08;6;0.1;$296.08;220.54
PL-2012-TT11265103-41219;11/6/2012;11/12/2012;Standard Class;TT-11265103;Tim Taslimi;Corporate;;Lublin;Lublin;Poland;FUR-BO-5951;$1,743.96;4;0;$714.96;220.39
IZ-2014-TH1123561-41738;4/9/2014;4/11/2014;Second Class;TH-1123561;Tiffany House;Corporate;;Baghdad;Baghdad;Iraq;TEC-MA-5014;$1,071.84;4;0;$310.80;220.3
IT-2015-DM1301564-42167;6/12/2015;6/13/2015;First Class;DM-1301564;Darrin Martin;Consumer;;San Severo;Apulia;Italy;TEC-MA-4199;$925.02;5;0.4;-$447.18;219.98
US-2014-VG217905-41800;6/10/2014;6/15/2014;Standard Class;VG-217905;Vivek Gonzalez;Consumer;;San Luis;San Luis;Argentina;FUR-CH-5442;$1,682.75;9;0.4;-$813.49;219.842
IN-2015-JW1595527-42190;7/5/2015;7/9/2015;Standard Class;JW-1595527;Joni Wasserman;Consumer;;Guangzhou;Guangdong;China;FUR-BO-5968;$1,944.90;5;0;$291.60;219.83
IN-2014-ZC2191058-41760;5/1/2014;5/5/2014;Standard Class;ZC-2191058;Zuschuss Carroll;Consumer;;Tiruppur;Tamil Nadu;India;TEC-CO-3707;$3,040.80;8;0;$1,155.36;219.74
CA-2013-AD10180140-41459;7/4/2013;7/8/2013;Standard Class;AD-101801406;Alan Dominguez;Home Office;10035;New York City;New York;United States;OFF-AR-3837;$15.48;3;0;$4.49;1.68
MX-2013-NW1840082-41584;11/6/2013;11/8/2013;First Class;NW-1840082;Natalie Webber;Consumer;;San Luis Potosí;San Luis Potosí;Mexico;TEC-CO-3610;$1,003.35;4;0.002;$178.95;219.533
CA-2015-AD10180140-42027;1/23/2015;1/28/2015;Standard Class;AD-101801404;Alan Dominguez;Home Office;59405;Great Falls;Montana;United States;OFF-PA-4460;$11.96;2;0;$5.38;1.07
IN-2012-VP217307-41166;9/14/2012;9/17/2012;Second Class;VP-217307;Victor Preis;Home Office;;Brisbane;Queensland;Australia;OFF-ST-4057;$808.73;7;0.1;-$0.19;219.26
ES-2014-SS2041045-41999;12/26/2014;1/1/2015;Standard Class;SS-2041045;Shahid Shariari;Consumer;;Le Chesnay;Ile-de-France;France;TEC-CO-6000;$2,764.33;11;0.15;-$195.44;219.19
CA-2014-AH10195140-41992;12/19/2014;12/21/2014;Second Class;AH-101951408;Alan Haines;Corporate;33319;Tamarac;Florida;United States;OFF-SU-5634;$961.48;5;0.2;-$204.31;89.23
EZ-2015-AG27032-42249;9/2/2015;9/4/2015;First Class;AG-27032;Alejandro Grove;Consumer;;Prague;Prague;Czech Republic;FUR-CH-4655;$457.14;1;0;$169.14;218.96
CA-2014-AH10195140-41992;12/19/2014;12/21/2014;Second Class;AH-101951408;Alan Haines;Corporate;33319;Tamarac;Florida;United States;OFF-BI-4374;$254.06;7;0.7;-$169.37;29.13
IN-2014-BS116657-41815;6/25/2014;6/29/2014;Standard Class;BS-116657;Brian Stugart;Consumer;;Whyalla;South Australia;Australia;TEC-MA-5513;$1,933.20;8;0.1;-$128.88;218.82
ES-2012-BW1120045-41085;6/25/2012;6/27/2012;First Class;BW-1120045;Ben Wallace;Consumer;;Dieppe;Normandy;France;FUR-BO-5787;$704.05;2;0.1;$312.91;218.81
IT-2015-FM1421545-42271;9/24/2015;9/26/2015;Second Class;FM-1421545;Filia McAdams;Corporate;;Gap;Provence-Alpes-Côte d'Azur;France;OFF-AP-3570;$1,355.13;5;0.1;-$60.27;218.75
CA-2013-AH10195140-41338;3/5/2013;3/7/2013;Second Class;AH-101951406;Alan Haines;Corporate;18018;Bethlehem;Pennsylvania;United States;FUR-CH-6016;$99.37;2;0.3;-$7.10;10.79
CA-2014-AH10195140-41992;12/19/2014;12/21/2014;Second Class;AH-101951408;Alan Haines;Corporate;33319;Tamarac;Florida;United States;OFF-AP-2889;$194.53;2;0.2;$24.32;10.39
IN-2014-PF1912027-41916;10/4/2014;10/8/2014;Standard Class;PF-1912027;Peter Fuller;Consumer;;Shuangcheng;Heilongjiang;China;FUR-CH-5441;$2,819.52;6;0;$338.22;218.16
IN-2013-NL1831027-41586;11/8/2013;11/15/2013;Standard Class;NL-1831027;Nancy Lomonaco;Home Office;;Shenzhen;Guangdong;China;TEC-PH-5267;$2,571.12;4;0;$102.84;217.64
CT-2013-SC1072524-41301;1/27/2013;1/29/2013;Second Class;SC-1072524;Steven Cartwright;Consumer;;Bangui;Bangui;Central African Republic;TEC-AC-5224;$976.08;4;0;$292.80;217.62
IN-2013-CA1226592-41627;12/19/2013;12/22/2013;Second Class;CA-1226592;Christina Anderson;Consumer;;Hastings;Hawke's Bay;New Zealand;TEC-PH-3803;$607.32;4;0;$115.32;217.39
CA-2012-AH19523-41129;8/8/2012;8/12/2012;Standard Class;AH-19523;Alan Haines;Corporate;;Waterloo;Ontario;Canada;OFF-EN-3089;$87.84;6;0;$29.70;7.97
CA-2013-AH10195140-41338;3/5/2013;3/7/2013;Second Class;AH-101951406;Alan Haines;Corporate;18018;Bethlehem;Pennsylvania;United States;FUR-FU-2864;$33.57;2;0.2;-$5.45;4.64
US-2015-AG1052582-42355;12/17/2015;12/21/2015;Standard Class;AG-1052582;Andy Gerbode;Corporate;;Irapuato;Guanajuato;Mexico;FUR-CH-4654;$1,697.58;7;0.2;-$63.76;217.028
IN-2012-PL1892527-41228;11/15/2012;11/21/2012;Standard Class;PL-1892527;Paul Lucas;Home Office;;Xinyi;Guangdong;China;FUR-BO-3627;$2,063.40;5;0;$123.75;216.99
ES-2014-AB1001545-41930;10/18/2014;10/20/2014;Second Class;AB-1001545;Aaron Bergman;Consumer;;Marseille;Provence-Alpes-Côte d'Azur;France;TEC-CO-4785;$632.04;6;0.15;$7.26;216.8
IN-2015-TS2150527-42286;10/9/2015;10/13/2015;Standard Class;TS-2150527;Tony Sayre;Consumer;;Beijing;Beijing;China;FUR-BO-3625;$2,906.40;7;0;$1,220.52;216.07
IN-2015-MG1814558-42087;3/24/2015;3/30/2015;Standard Class;MG-1814558;Mike Gockenbach;Consumer;;Bhilwara;Rajasthan;India;FUR-TA-5060;$2,572.74;3;0;$1,080.54;216.06
CA-2015-AH10195140-42314;11/6/2015;11/8/2015;First Class;AH-101951402;Alan Haines;Corporate;60623;Chicago;Illinois;United States;OFF-BI-3308;$16.03;5;0.8;-$25.65;2.16
ES-2013-RD1958514-41639;12/31/2013;1/3/2014;Second Class;RD-1958514;Rob Dowd;Consumer;;Antwerp;Antwerp;Belgium;OFF-AP-4961;$1,583.82;3;0;$126.63;215.73
CA-2015-AH10195140-42241;8/25/2015;8/30/2015;Standard Class;AH-101951406;Alan Haines;Corporate;10024;New York City;New York;United States;OFF-BI-3983;$24.67;4;0.2;$7.71;1.62
CA-2015-AH10195140-42241;8/25/2015;8/30/2015;Standard Class;AH-101951406;Alan Haines;Corporate;10024;New York City;New York;United States;OFF-BI-2936;$3.74;1;0.2;$1.31;1.25
ID-2015-BD116057-42103;4/9/2015;4/13/2015;Standard Class;BD-116057;Brian Dahlen;Consumer;;Newcastle;New South Wales;Australia;FUR-CH-5380;$1,656.72;4;0.1;-$110.52;215.54
IN-2015-PB191057-42281;10/4/2015;10/5/2015;First Class;PB-191057;Peter Bühler;Consumer;;Orange;New South Wales;Australia;TEC-CO-4578;$2,015.50;7;0.1;$850.84;215.4
ES-2013-AB10150120-41588;11/10/2013;11/17/2013;Standard Class;AB-10150120;Aimee Bixby;Consumer;;Barcelona;Catalonia;Spain;TEC-MA-4199;$2,219.18;8;0.1;$24.62;215.35
IN-2015-GK1462092-42294;10/17/2015;10/20/2015;Second Class;GK-1462092;Grace Kelly;Corporate;;Napier;Hawke's Bay;New Zealand;TEC-CO-3597;$2,533.92;8;0;$278.64;215.33
US-2015-SC2057582-42342;12/4/2015;12/7/2015;Second Class;SC-2057582;Sonia Cooley;Consumer;;Torreón;Coahuila;Mexico;FUR-TA-4712;$1,410.40;5;0.2;-$88.20;215.128
IN-2013-CC1247566-41572;10/25/2013;10/25/2013;Same Day;CC-1247566;Cindy Chapman;Consumer;;Noda;Chiba;Japan;FUR-TA-3762;$1,773.72;5;0.2;$44.22;215
BN-2012-DO343515-41172;9/20/2012;9/25/2012;Standard Class;DO-343515;Denny Ordway;Consumer;;Porto-Novo;Ouémé;Benin;TEC-PH-5351;$1,377.90;10;0;$289.20;214.97
MX-2012-NS1850582-41223;11/10/2012;11/17/2012;Standard Class;NS-1850582;Neola Schneider;Consumer;;Puebla;Puebla;Mexico;TEC-PH-5269;$2,582.16;6;0;$516.36;214.883
CA-2013-AH10210140-41615;12/7/2013;12/9/2013;First Class;AH-102101406;Alan Hwang;Consumer;10024;New York City;New York;United States;TEC-PH-3966;$773.94;6;0;$224.44;121.91
IT-2013-TS2143045-41346;3/13/2013;3/15/2013;Second Class;TS-2143045;Tom Stivers;Corporate;;Outreau;Nord-Pas-de-Calais-Picardie;France;TEC-PH-3784;$1,257.46;8;0.15;-$29.66;214.54
CA-2015-AH10210140-42363;12/25/2015;1/1/2016;Standard Class;AH-102101404;Alan Hwang;Consumer;98105;Seattle;Washington;United States;OFF-ST-5422;$1,003.62;6;0;$0.00;121.83
MX-2012-AZ1075093-41271;12/28/2012;12/30/2012;Second Class;AZ-1075093;Annie Zypern;Consumer;;León;León;Nicaragua;FUR-CH-5378;$2,429.44;8;0;$534.40;214.422
US-2015-AH10210140-42291;10/14/2015;10/16/2015;First Class;AH-102101408;Alan Hwang;Consumer;40214;Louisville;Kentucky;United States;OFF-ST-6315;$348.56;8;0;$104.57;116.69
ES-2015-IG1508545-42032;1/28/2015;2/4/2015;Standard Class;IG-1508545;Ivan Gibson;Consumer;;Bourg-en-Bresse;Auvergne-Rhône-Alpes;France;FUR-BO-3901;$977.02;3;0.1;$271.33;214.21
IT-2014-SP2086045-41956;11/13/2014;11/18/2014;Standard Class;SP-2086045;Sung Pak;Corporate;;Mulhouse;Alsace-Champagne-Ardenne-Lorraine;France;FUR-CH-5774;$2,891.70;7;0.1;$1,188.81;214.13
CA-2015-AH10210140-42250;9/3/2015;9/7/2015;Standard Class;AH-102101408;Alan Hwang;Consumer;42420;Henderson;Kentucky;United States;OFF-BI-4338;$1,577.94;3;0;$757.41;74.59
ID-2013-KM162257-41501;8/15/2013;8/19/2013;Standard Class;KM-162257;Kalyca Meade;Corporate;;Geelong;Victoria;Australia;TEC-CO-3708;$2,042.82;6;0.1;-$136.26;213.93
MX-2015-BS1136518-42199;7/14/2015;7/16/2015;First Class;BS-1136518;Bill Shonely;Corporate;;Americana;São Paulo;Brazil;TEC-CO-4776;$997.80;5;0.002;$327.90;213.775
IN-2013-TC211457-41286;1/12/2013;1/17/2013;Standard Class;TC-211457;Theresa Coyne;Corporate;;Melbourne;Victoria;Australia;TEC-MA-5499;$1,411.34;9;0.1;$486.05;213.5
IR-2013-KM672060-41389;4/25/2013;4/25/2013;Same Day;KM-672060;Kunst Miller;Consumer;;Kashan;Esfahan;Iran;FUR-BO-4851;$1,647.00;4;0;$625.80;213.37
ID-2014-AH105857-41926;10/14/2014;10/17/2014;First Class;AH-105857;Angele Hood;Consumer;;Sunbury;Victoria;Australia;FUR-BO-3902;$1,313.71;4;0.1;$102.07;213.19
IN-2013-GM144407-41401;5/7/2013;5/10/2013;First Class;GM-144407;Gary McGarr;Consumer;;Gold Coast;Queensland;Australia;TEC-CO-4792;$972.57;3;0.1;$194.43;213.19
IN-2012-BF1097527-41128;8/7/2012;8/7/2012;Same Day;BF-1097527;Barbara Fisher;Corporate;;Guangzhou;Guangdong;China;TEC-CO-3689;$1,273.56;4;0;$573.00;213.03
ES-2012-MM1805548-41259;12/16/2012;12/20/2012;Standard Class;MM-1805548;Michelle Moray;Consumer;;Herford;North Rhine-Westphalia;Germany;TEC-PH-5355;$1,908.18;3;0;$820.44;212.94
CA-2015-AH10210140-42332;11/24/2015;11/28/2015;Standard Class;AH-102101402;Alan Hwang;Consumer;75220;Dallas;Texas;United States;TEC-PH-5560;$195.96;5;0.2;$19.60;26.17
ID-2012-RB193607-41227;11/14/2012;11/18/2012;Standard Class;RB-193607;Raymond Buch;Consumer;;Cairns;Queensland;Australia;FUR-BO-4863;$2,398.37;11;0.4;-$1,479.13;212.87
UP-2013-NC8415137-41583;11/5/2013;11/8/2013;First Class;NC-8415137;Nathan Cano;Consumer;;L'viv;L'viv;Ukraine;TEC-MA-4193;$680.28;4;0;$231.24;212.86
ES-2013-GR1456096-41280;1/6/2013;1/9/2013;First Class;GR-1456096;Georgia Rosenberg;Corporate;;Oslo;Oslo;Norway;TEC-CO-4575;$964.08;3;0;$337.41;212.76
CA-2012-AH10210140-41241;11/28/2012;12/5/2012;Standard Class;AH-102101404;Alan Hwang;Consumer;94122;San Francisco;California;United States;TEC-PH-6413;$575.92;2;0.2;$71.99;17.88
IN-2012-SN207107-41174;9/22/2012;9/26/2012;Standard Class;SN-207107;Steve Nguyen;Home Office;;Geelong;Victoria;Australia;TEC-CO-4591;$1,709.24;5;0.1;$588.74;212.72
IZ-2013-DL333061-41514;8/28/2013;8/30/2013;First Class;DL-333061;Denise Leinenbach;Consumer;;Arbil;Arbil;Iraq;FUR-TA-3771;$929.34;2;0;$65.04;212.15
CA-2015-AH10210140-42072;3/9/2015;3/16/2015;Standard Class;AH-102101404;Alan Hwang;Consumer;92804;Anaheim;California;United States;OFF-BI-4485;$171.20;5;0.2;$64.20;12.9
CA-2013-AH10210140-41588;11/10/2013;11/15/2013;Standard Class;AH-102101404;Alan Hwang;Consumer;94513;Brentwood;California;United States;TEC-AC-5237;$79.90;2;0;$35.16;5.46
IN-2015-CJ118757-42172;6/17/2015;6/21/2015;Standard Class;CJ-118757;Carl Jackson;Corporate;;Brisbane;Queensland;Australia;TEC-CO-4592;$2,383.86;7;0.1;$794.58;211.7
ES-2013-AY10555139-41430;6/5/2013;6/11/2013;Standard Class;AY-10555139;Andy Yotov;Corporate;;Bradford;England;United Kingdom;TEC-CO-3708;$1,891.50;5;0;$832.20;211.56
MX-2014-CP1234036-41762;5/3/2014;5/4/2014;First Class;CP-1234036;Christine Phan;Corporate;;San Pedro de Macorís;San Pedro de Macorís;Dominican Republic;OFF-AP-4965;$912.24;3;0.2;$68.40;211.554
MX-2014-MP1747093-41914;10/2/2014;10/5/2014;First Class;MP-1747093;Mark Packer;Home Office;;Estelí;Estelí;Nicaragua;TEC-CO-6012;$947.22;4;0.002;$377.70;211.552
ES-2012-PJ19015139-41257;12/14/2012;12/18/2012;Standard Class;PJ-19015139;Pauline Johnson;Consumer;;London;England;United Kingdom;FUR-BO-5761;$1,983.02;5;0.1;$616.82;211.36
MX-2013-NC1841593-41572;10/25/2013;10/29/2013;Standard Class;NC-1841593;Nathan Cano;Consumer;;Matagalpa;Matagalpa;Nicaragua;TEC-PH-5268;$2,146.60;5;0;$429.30;211.307
ES-2014-BV11245120-41688;2/18/2014;2/25/2014;Standard Class;BV-11245120;Benjamin Venier;Corporate;;San Sebastian;Basque Country;Spain;TEC-CO-3595;$2,879.82;9;0;$1,295.73;211.3
ES-2015-LW1682545-42258;9/11/2015;9/12/2015;First Class;LW-1682545;Laurel Workman;Corporate;;Schiltigheim;Alsace-Champagne-Ardenne-Lorraine;France;FUR-TA-3350;$1,622.01;5;0.35;-$623.94;211.17
ES-2014-BO1142545-41927;10/15/2014;10/19/2014;Standard Class;BO-1142545;Bobby Odegard;Consumer;;Paris;Ile-de-France;France;OFF-AP-3865;$1,503.68;6;0.1;$284.00;211.16
CA-2013-AH10210140-41615;12/7/2013;12/9/2013;First Class;AH-102101406;Alan Hwang;Consumer;10024;New York City;New York;United States;OFF-BI-5642;$21.36;5;0.2;$7.21;2.13
ID-2014-EB1384059-41928;10/16/2014;10/18/2014;First Class;EB-1384059;Ellis Ballard;Corporate;;Depok;Jawa Barat;Indonesia;OFF-AP-3873;$893.56;2;0.17;$247.60;211.08
MX-2015-SG2047031-42074;3/11/2015;3/14/2015;First Class;SG-2047031;Sheri Gordon;Consumer;;Consolación del Sur;Pinar del Río;Cuba;FUR-TA-5060;$1,143.44;2;0;$320.16;210.795
MO-2015-PO919586-42264;9/17/2015;9/21/2015;Standard Class;PO-919586;Phillina Ober;Home Office;;Tangier;Tanger-Tétouan;Morocco;TEC-CO-3707;$2,280.60;6;0;$136.80;210.65
MX-2012-CS1184516-41216;11/3/2012;11/5/2012;Second Class;CS-1184516;Cari Sayre;Corporate;;Oruro;Oruro;Bolivia;OFF-AP-4735;$1,401.84;4;0;$126.16;210.637
ES-2015-KB1658548-42276;9/29/2015;10/6/2015;Standard Class;KB-1658548;Ken Black;Corporate;;Munich;Bavaria;Germany;TEC-MA-4207;$2,088.24;8;0;$83.52;210.59
IN-2015-EM1414058-42194;7/9/2015;7/13/2015;Standard Class;EM-1414058;Eugene Moren;Home Office;;Malegaon;Maharashtra;India;FUR-BO-3897;$2,194.53;13;0;$438.75;210.22
ES-2013-KN1639048-41352;3/19/2013;3/19/2013;Same Day;KN-1639048;Katherine Nockton;Corporate;;Euskirchen;North Rhine-Westphalia;Germany;OFF-ST-5701;$1,527.12;8;0.1;$474.96;209.96
IN-2014-SL2015566-41803;6/13/2014;6/15/2014;Second Class;SL-2015566;Sara Luxemburg;Home Office;;Sakai;Gunma;Japan;OFF-AP-3864;$972.62;7;0.5;-$486.47;209.86
IT-2014-KC1667548-41882;8/31/2014;9/3/2014;First Class;KC-1667548;Kimberly Carter;Corporate;;Celle;Lower Saxony;Germany;TEC-MA-5573;$794.70;3;0;$174.78;209.73
IN-2014-CM1211578-41783;5/24/2014;5/28/2014;Standard Class;CM-1211578;Chad McGuire;Consumer;;Kota Kinabalu;Sabah;Malaysia;FUR-CH-5380;$2,761.20;6;0;$110.34;209.38
RS-2012-GZ4545108-41088;6/28/2012;7/3/2012;Standard Class;GZ-4545108;George Zrebassa;Corporate;;Blagoveshchensk;Amur;Russia;FUR-BO-3626;$3,312.24;8;0;$1,622.88;209.36
MX-2012-DK1298582-41256;12/13/2012;12/13/2012;Same Day;DK-1298582;Darren Koutras;Consumer;;Tijuana;Baja California;Mexico;FUR-BO-5966;$825.79;4;0.2;$41.23;209.316
CA-2012-AH10210140-41241;11/28/2012;12/5/2012;Standard Class;AH-102101404;Alan Hwang;Consumer;94122;San Francisco;California;United States;OFF-FA-6129;$30.40;5;0;$15.20;2.12
IN-2014-DK1298558-41863;8/12/2014;8/17/2014;Standard Class;DK-1298558;Darren Koutras;Consumer;;Delhi;Delhi;India;TEC-PH-5355;$3,180.30;5;0;$381.60;209.29
IN-2013-PN1877527-41527;9/10/2013;9/12/2013;Second Class;PN-1877527;Parhena Norris;Home Office;;Tianjin;Tianjin;China;FUR-CH-5441;$1,860.00;4;0;$316.20;209.07
IN-2014-MS1798058-41801;6/11/2014;6/17/2014;Standard Class;MS-1798058;Michael Stewart;Corporate;;Hyderabad;Telangana;India;TEC-PH-5269;$2,582.16;4;0;$361.44;208.88
IN-2014-EH1412578-41936;10/24/2014;10/24/2014;Same Day;EH-1412578;Eugene Hildebrand;Home Office;;Kota Kinabalu;Sabah;Malaysia;TEC-PH-5246;$881.10;5;0;$184.95;208.56
ES-2014-AG1090045-41801;6/11/2014;6/15/2014;Standard Class;AG-1090045;Arthur Gainer;Consumer;;Villeneuve-Saint-Georges;Ile-de-France;France;TEC-PH-5354;$1,622.18;3;0.15;$324.38;208.39
ES-2013-AB10150139-41537;9/20/2013;9/22/2013;Second Class;AB-10150139;Aimee Bixby;Consumer;;London;England;United Kingdom;TEC-MA-5007;$1,677.19;6;0.1;$521.77;208.31
IN-2015-BS1159066-42139;5/15/2015;5/17/2015;Second Class;BS-1159066;Brendan Sweed;Corporate;;Takasaki;Gunma;Japan;TEC-PH-3129;$1,001.88;6;0;$230.40;208.13
CA-2014-AH10210140-41690;2/20/2014;2/27/2014;Standard Class;AH-102101408;Alan Hwang;Consumer;37211;Nashville;Tennessee;United States;OFF-PA-6092;$16.50;2;0.2;$5.57;1.72
ES-2012-BP11185139-41252;12/9/2012;12/12/2012;First Class;BP-11185139;Ben Peterman;Corporate;;London;England;United Kingdom;OFF-AP-4730;$554.53;2;0.1;-$0.05;207.93
MX-2014-BH1171039-41930;10/18/2014;10/22/2014;Standard Class;BH-1171039;Brosina Hoffman;Consumer;;San Salvador;San Salvador;El Salvador;TEC-PH-5841;$2,120.80;5;0;$275.70;207.892
IR-2014-AS28560-41972;11/29/2014;12/4/2014;Standard Class;AS-28560;Alejandro Savely;Corporate;;Khorramabad;Lorestan;Iran;TEC-PH-3801;$1,531.20;10;0;$45.90;207.81
QA-2015-LM7065105-42362;12/24/2015;12/28/2015;Standard Class;LM-7065105;Liz MacKendrick;Consumer;;Doha;Ad Dawhah;Qatar;TEC-CO-3681;$1,572.84;6;0;$141.48;207.49
IN-2013-SC2080058-41310;2/5/2013;2/10/2013;Standard Class;SC-2080058;Stuart Calhoun;Consumer;;Bhilai;Chhattisgarh;India;FUR-BO-3891;$1,236.33;3;0;$519.21;207.44
CA-2013-AH10210140-41615;12/7/2013;12/9/2013;First Class;AH-102101406;Alan Hwang;Consumer;10024;New York City;New York;United States;OFF-BI-3268;$6.69;2;0.2;$2.34;1.53
IN-2015-AP1091527-42244;8/28/2015;8/29/2015;First Class;AP-1091527;Arthur Prichep;Consumer;;Shouguang;Shandong;China;TEC-CO-4591;$759.66;2;0;$311.46;207.21
ID-2014-SV208157-41679;2/9/2014;2/15/2014;Standard Class;SV-208157;Stuart Van;Corporate;;Gold Coast;Queensland;Australia;FUR-TA-3770;$2,951.99;9;0.3;-$632.80;206.92
CA-2015-AH10210140-42072;3/9/2015;3/16/2015;Standard Class;AH-102101404;Alan Hwang;Consumer;92804;Anaheim;California;United States;OFF-AR-5301;$3.36;2;0;$0.87;1.27
IT-2012-MP1817545-41040;5/11/2012;5/13/2012;First Class;MP-1817545;Mike Pelletier;Home Office;;Bordeaux;Aquitaine-Limousin-Poitou-Charentes;France;FUR-TA-3780;$627.28;2;0.35;-$135.14;206.61
CA-2012-AS10225140-41199;10/17/2012;10/19/2012;Second Class;AS-102251408;Alan Schoenberger;Corporate;36116;Montgomery;Alabama;United States;TEC-PH-3183;$1,394.95;5;0;$362.69;140.1
AL-2014-TT114602-41863;8/12/2014;8/14/2014;First Class;TT-114602;Tonja Turnell;Home Office;;Durres;Durrës;Albania;TEC-PH-3818;$553.92;4;0;$22.08;206.56
ES-2015-PS1876048-42179;6/24/2015;6/30/2015;Standard Class;PS-1876048;Pamela Stobb;Consumer;;Frankfurt;Hesse;Germany;TEC-PH-5269;$3,873.24;6;0;$890.82;206.54
IN-2015-RR1952527-42035;1/31/2015;2/1/2015;First Class;RR-1952527;Rick Reed;Corporate;;Shanghai;Shanghai;China;TEC-CO-3587;$791.19;3;0;$126.54;206.41
IN-2015-AC1042027-42150;5/26/2015;5/30/2015;Standard Class;AC-1042027;Alyssa Crouse;Corporate;;Kunming;Yunnan;China;FUR-BO-4851;$2,470.50;6;0;$518.76;206.39
MX-2012-TP2113082-41207;10/25/2012;10/27/2012;First Class;TP-2113082;Theone Pippenger;Consumer;;Puebla;Puebla;Mexico;TEC-PH-3148;$2,120.70;5;0;$63.60;206.327
IN-2015-CG1204092-42032;1/28/2015;1/30/2015;Second Class;CG-1204092;Catherine Glotzbach;Home Office;;Wellington;Wellington;New Zealand;FUR-BO-3629;$759.06;6;0;$15.12;206.28
ID-2014-BG1103527-41781;5/22/2014;5/24/2014;First Class;BG-1103527;Barry Gonzalez;Consumer;;Anqing;Anhui;China;OFF-AP-4737;$1,581.03;3;0;$790.47;206.05
ID-2012-CR12580144-41132;8/11/2012;8/14/2012;Second Class;CR-12580144;Clay Rozendal;Home Office;;Ho Chi Minh City;Ho Chí Minh City;Vietnam;TEC-CO-4570;$1,161.20;7;0.37;-$147.52;205.96
TZ-2012-TR11325129-41031;5/2/2012;5/4/2012;First Class;TR-11325129;Toby Ritter;Consumer;;Dar es Salaam;Dar Es Salaam;Tanzania;TEC-CO-4575;$642.72;2;0;$224.94;205.74
MX-2014-SC2044082-41877;8/26/2014;8/27/2014;First Class;SC-2044082;Shaun Chance;Corporate;;Victoria;Tamaulipas;Mexico;TEC-PH-3807;$1,308.48;3;0;$13.08;205.721
IN-2013-CA1277558-41548;10/1/2013;10/7/2013;Standard Class;CA-1277558;Cynthia Arntzen;Consumer;;Delhi;Delhi;India;FUR-TA-3762;$3,547.44;8;0;$780.24;205.63
IN-2014-BT1168027-41815;6/25/2014;6/26/2014;First Class;BT-1168027;Brian Thompson;Consumer;;Anshan;Liaoning;China;FUR-BO-3904;$724.80;2;0;$333.36;205.55
CA-2015-AS10225140-42265;9/18/2015;9/22/2015;Second Class;AS-102251404;Alan Schoenberger;Corporate;84604;Provo;Utah;United States;FUR-BO-4391;$1,292.94;3;0;$77.58;77.12
MX-2015-CC1237026-42115;4/21/2015;4/24/2015;First Class;CC-1237026;Christopher Conant;Consumer;;Copiapó;Atacama;Chile;FUR-CH-5394;$803.52;9;0;$80.28;205.336
CA-2012-AS10225140-41199;10/17/2012;10/19/2012;Second Class;AS-102251408;Alan Schoenberger;Corporate;36116;Montgomery;Alabama;United States;OFF-ST-4456;$275.97;3;0;$11.04;36.12
MX-2015-DC1328582-42091;3/28/2015;3/30/2015;First Class;DC-1328582;Debra Catini;Consumer;;Ensenada;Baja California;Mexico;FUR-TA-5067;$1,011.70;7;0.2;$126.34;205.218
MX-2015-JE1574531-42255;9/8/2015;9/12/2015;Second Class;JE-1574531;Joel Eaton;Consumer;;Camagüey;Camagüey;Cuba;FUR-TA-3357;$2,419.20;7;0;$411.18;205.167
MX-2014-DB1321036-41961;11/18/2014;11/20/2014;First Class;DB-1321036;Dean Braden;Consumer;;La Romana;La Romana;Dominican Republic;OFF-AP-3570;$803.04;5;0.2;$180.64;205.148
MX-2015-LS1720080-42294;10/17/2015;10/20/2015;First Class;LS-1720080;Luke Schmidt;Corporate;;Fort-de-France;Martinique;Martinique;FUR-TA-3762;$1,773.72;6;0;$212.76;205.114
ES-2013-BE11335139-41340;3/7/2013;3/12/2013;Second Class;BE-11335139;Bill Eplett;Home Office;;Kingswood;England;United Kingdom;TEC-CO-3710;$1,893.30;5;0;$927.60;205.01
ES-2015-BN11470139-42110;4/16/2015;4/16/2015;Same Day;BN-11470139;Brad Norvell;Corporate;;Dudley;England;United Kingdom;TEC-CO-4571;$777.24;4;0;$170.88;205.01
IN-2013-MH180257-41443;6/18/2013;6/20/2013;Second Class;MH-180257;Michelle Huthwaite;Consumer;;Adelaide;South Australia;Australia;OFF-ST-6282;$689.09;14;0.1;-$53.89;204.72
IT-2012-MS17830139-41103;7/13/2012;7/14/2012;First Class;MS-17830139;Melanie Seite;Consumer;;London;England;United Kingdom;TEC-PH-3146;$737.91;6;0.1;-$8.37;204.65
IT-2014-JB1592548-41789;5/30/2014;6/4/2014;Standard Class;JB-1592548;Joni Blumstein;Consumer;;Trier;Rhineland-Palatinate;Germany;TEC-PH-5268;$2,570.76;4;0;$976.80;204.64
ES-2014-TW21025139-41807;6/17/2014;6/20/2014;Second Class;TW-21025139;Tamara Willingham;Home Office;;Leeds;England;United Kingdom;TEC-CO-4776;$1,199.76;4;0;$479.88;204.43
IN-2015-GW1460527-42089;3/26/2015;3/29/2015;Second Class;GW-1460527;Giulietta Weimer;Consumer;;Luoyang;Guangdong;China;TEC-CO-6009;$3,216.24;9;0;$96.39;204.36
US-2012-SC2072518-41166;9/14/2012;9/16/2012;First Class;SC-2072518;Steven Cartwright;Consumer;;Petrópolis;Rio de Janeiro;Brazil;FUR-TA-3341;$1,274.24;5;0.2;-$127.46;204.313
ES-2013-LR1691544-41537;9/20/2013;9/25/2013;Second Class;LR-1691544;Lena Radford;Consumer;;Vantaa;Uusimaa;Finland;OFF-AP-3875;$2,145.72;4;0;$364.68;204.29
CA-2012-AS10225140-41199;10/17/2012;10/19/2012;Second Class;AS-102251408;Alan Schoenberger;Corporate;36116;Montgomery;Alabama;United States;FUR-CH-4429;$545.88;6;0;$70.96;29.9
IN-2012-PB19210127-41259;12/16/2012;12/19/2012;First Class;PB-19210127;Phillip Breyer;Corporate;;Taipei;Taipei City;Taiwan;FUR-CH-5454;$882.15;5;0;$114.60;203.92
CA-2015-AS10225140-42265;9/18/2015;9/22/2015;Second Class;AS-102251404;Alan Schoenberger;Corporate;84604;Provo;Utah;United States;OFF-PA-4465;$164.88;3;0;$80.79;12.73
ES-2012-FO1430545-41141;8/20/2012;8/20/2012;Same Day;FO-1430545;Frank Olsen;Consumer;;Noisy-le-Grand;Ile-de-France;France;OFF-ST-6047;$895.05;5;0.1;$178.95;203.67
SY-2013-SV10815126-41541;9/24/2013;9/28/2013;Standard Class;SV-10815126;Stuart Van;Corporate;;Homs;Hims;Syria;TEC-PH-3807;$1,570.18;4;0.4;$104.62;203.61
IN-2015-JF1541527-42095;4/1/2015;4/5/2015;Standard Class;JF-1541527;Jennifer Ferguson;Consumer;;Liaoyang;Liaoning;China;FUR-TA-3442;$2,614.69;7;0.3;-$821.96;203.26
CA-2015-AS10225140-42347;12/9/2015;12/13/2015;Second Class;AS-102251404;Alan Schoenberger;Corporate;94109;San Francisco;California;United States;OFF-AP-3371;$69.48;1;0;$20.84;12.04
IN-2014-CK1259592-41929;10/17/2014;10/19/2014;Second Class;CK-1259592;Clytie Kelty;Consumer;;Taupo;Waikato;New Zealand;TEC-CO-3689;$636.78;2;0;$286.50;203.2
MX-2014-SS2014018-41658;1/19/2014;1/26/2014;Standard Class;SS-2014018;Saphhira Shifley;Corporate;;Araguaína;Tocantins;Brazil;FUR-BO-3627;$2,751.20;10;0;$110.00;203.132
